
@InCollection{Buzug90,
  author =       "T. Buzug and T. Reimers and G. Pfister",
  editor =       "F. H. Busse and L. Kramer",
  title =        "Dimensions and {L}yapunov Spectra from Measured Time
                 Series of Taylor-Couette Flow",
  booktitle =    "Nonlinear Evolution of Spatio-Temporal Structures in
                 Dissipative Continuous Systems",
  pages =        "7--19",
  publisher =    "Plenum Press",
  address =      "New York",
  year =         "1990",
}

@Article{Buzug90a,
  author =       "T. Buzug and T. Reimers and G. Pfister",
  title =        "Optimal reconstruction of strange attractors from
                 purely geometrical arguments.",
  journal =      "Europhys. Lett.",
  volume =       "13",
  pages =        "605--610",
  year =         "1990",
  keywords =     "correlation dimension, data analysis, strange
                 attractor, c+",
}

@Book{Buzug94,
  author =       "T. Buzug",
  title =        "Analyse chaotischer Systeme",
  publisher =    "BI-Wiss.-Verl.",
  address =      "Mannheim, Leipzig",
  year =         "1994",
  keywords =     "data analysis, embedding dimension, delay time,
                 (monograph)",
}

@Article{Buzug95,
  author =       "T. M. Buzug and J. von Stamm and G. Pfister",
  title =        "Characterizing experimental time series using local
                 intrinsic dimension",
  journal =      "Phys. Lett. A",
  volume =       "202",
  number =       "2-3",
  pages =        "183--190",
  year =         "1995",
  keywords =     "svd, Taylor Couette flow, strange attractor, system
                 identification, data analysis",
}

@Article{Buzug92,
  author =       "T. Buzug and G. Pfister",
  title =        "Comparison of algorithms calculating optimal
                 parameters for delay time coordinates",
  journal =      "Physica D",
  volume =       "58",
  pages =        "127",
  year =         "1992",
  keywords =     "data analysis, delay time",
}

@Article{Buzug92a,
  author =       "T. Buzug and G. Pfister",
  title =        "Optimal delay time and embedding dimension for
                 delay-time coordinates by analysis of the global and
                 local dynamical behavior of strange attractors",
  journal =      "Phys. Rev. A",
  volume =       "45",
  pages =        "7073--7084",
  year =         "1992",
  keywords =     "data analysis, embedding dimension, delay time",
}

@Article{Buzug93,
  author =       "Th. M. Buzug and J. von Stamm and G. Pfister",
  title =        "Characterization of period-doubling scenarios in
                 Taylor-Couette flow",
  journal =      "Phys. Rev. E",
  volume =       "47",
  pages =        "1054--1065",
  year =         "1993",
  keywords =     "Taylor-Couette flow, strange attractor, data
                 analysis",
}

@Article{Buzug94a,
  author =       "Th. Buzug and K. Pawelzik and J. von Stamm and G.
                 Pfister",
  title =        "Mutual information and global strange attractors in
                 Taylor-Couette flow",
  journal =      "Physica D",
  volume =       "72",
  pages =        "343--350",
  year =         "1994",
  keywords =     "data analysis, Taylor-Couette, mutual information,
                 correlation estimation, experimental, c+",
}

@Article{Enge93,
  author =       "N. Enge and Th. Buzug and G. Pfister",
  title =        "Noise reduction on chaotic attractors",
  journal =      "Phys. Lett. A",
  volume =       "175",
  pages =        "178--186",
  year =         "1993",
  keywords =     "data analysis, filtering, noise reduction, C+",
}
