
@article{Grassberger81,
   author    = {P. Grassberger},
   title     = {On the {H}ausdorff Dimension of Fractal Attractors},
   journal   = {J. Stat. Phys.},
   year      = {1981},
   volume    = {26},
   pages     = {173},
   keywords  = {attractor, dimension, fractal}
}

@article{Grassberger81a,
   author    = {P. Grassberger and M. Scheunert},
   title     = {Some more universal scaling laws for critical
       mappings},
   journal   = {J. Stat. Phys.},
   year      = {1981},
   volume    = {26},
   pages     = {697},
   keywords  = {map, scaling, universal}
}

@article{Grassberger83,
   author    = {P. Grassberger},
   title     = {Generalized dimensions of strange attractors.},
   journal   = {Phys. Lett. A},
   year      = {1983},
   volume    = {97},
   pages     = {227--230},
   keywords  = {attractor, dimension, strange, strange attractor}
}

@article{Grassberger83a,
   author    = {P. Grassberger},
   title     = {On the fractal dimension of the {H}\'enon attractor.},
   journal   = {Phys. Lett. A},
   year      = {1983},
   volume    = {97},
   pages     = {224--226},
   keywords  = {H\'enon, attractor, dimension, fractal}
}

@article{Grassberger83b,
   author    = {P. Grassberger and I. Procaccia},
   title     = {Characterization of strange attractors.},
   journal   = {Phys. Rev. Lett.},
   year      = {1983},
   volume    = {50},
   pages     = {346--349},
   keywords  = {chaotic system, strange attractor, dimension}
}

@article{Grassberger83c,
   author    = {P. Grassberger and I. Procaccia},
   title     = {Estimation of the {K}olmogorov entropy from a chaotic
       signal.},
   journal   = {Phys. Rev. A},
   year      = {1983},
   volume    = {28},
   pages     = {2591--2593},
   keywords  = {chaotic system, entropy, time series, c+}
}

@article{Grassberger83d,
   author    = {P. Grassberger and I. Procaccia},
   title     = {Measuring the strangeness of strange attractors.},
   journal   = {Physica D},
   year      = {1983},
   volume    = {9},
   pages     = {189--208},
   keywords  = {system identification, attractor, strange, strange
       attractor, reconstruction dimension, Grassberger, test
       for chaos, (Hao Bai-Lin II)}
}

@Article{Ben-Mizrachi84a,
  author =       "A. Ben-Mizrachi and I. Procaccia and P. Grassberger",
  title =        "Characterization of experimental (noisy) strange
                 attractors.",
  journal =      "Phys. Rev. A",
  volume =       "29",
  pages =        "975--977",
  year =         "1984",
  keywords =     "attractor, strange attractor, experiment,
                 reconstruction, Grassberger, Takens, (c+)",
}

@Article{Grassberger85,
  author =       "P. Grassberger",
  title =        "Generalizations of the {H}ausdorff Dimension of
                 Fractal Measures",
  journal =      "Phys. Lett. A",
  volume =       "107",
  pages =        "101--105",
  year =         "1985",
  keywords =     "dimension, fractal, measure",
}

@InCollection{Grassberger85a,
  author =       "P. Grassberger",
  editor =       "J. R. Buchler et al.",
  title =        "Information aspects of strange attractors",
  booktitle =    "Chaos in Astrophysics",
  pages =        "193--222",
  year =         "1985",
  keywords =     "astrophysics, chaos, strange",
}

@Article{Grassberger85b,
  author =       "P. Grassberger",
  title =        "Information flow and maximum entropy measures for
                 1-{D} maps.",
  journal =      "Physica D",
  volume =       "14",
  pages =        "365--373",
  year =         "1985",
  keywords =     "map, flow, entropy",
}

@Article{Grassberger84,
  author =       "P. Grassberger",
  title =        "Chaos and diffusion in deterministic cellular
                 automata",
  journal =      "Physica D",
  volume =       "10",
  pages =        "52",
  year =         "1984",
  keywords =     "cellular automata, chaos, diffusion",
}

@Article{Grassberger85c,
  author =       "P. Grassberger and H. Kantz",
  title =        "Generating partitions for the dissipative {H}\'enon
                 map.",
  journal =      "Phys. Lett. A",
  volume =       "113",
  number =       "5",
  pages =        "235--238",
  year =         "1985",
  keywords =     "chaotic system, H\'enon, map, (c)",
}

@Article{Grassberger85d,
  author =       "P. Grassberger and H. Kantz",
  title =        "Universal scaling of long-time tails in {H}amiltonian
                 systems.",
  journal =      "Phys. Lett. A",
  volume =       "113",
  pages =        "167",
  year =         "1985",
  keywords =     "chaotic system, Hamilton, scaling, universal",
}

@Article{Grassberger84a,
  author =       "P. Grassberger and I. Procaccia",
  title =        "Dimensions and entropies of strange attractors from a
                 fluctuating dynamics approach.",
  journal =      "Physica D",
  volume =       "13",
  pages =        "34--54",
  year =         "1984",
  keywords =     "attractor, dimension, strange, strange attractor",
}

@Article{Kantz85,
  author =       "H. Kantz and P. Grassberger",
  title =        "Repellers, semi-attractors, and long-lived chaotic
                 transients",
  journal =      "Physica D",
  volume =       "17",
  pages =        "75--86",
  year =         "1985",
  keywords =     "attractor, chaotic, transient, c+",
}

@Article{Grassberger87,
  author =       "P. Grassberger",
  title =        "Evidence or climatic attractors: {G}rassberger
                 replies",
  journal =      "Nature",
  volume =       "326",
  pages =        "524",
  year =         "1987",
  keywords =     "meteorological, attractor",
}

@Article{Grassberger86,
  author =       "P. Grassberger",
  title =        "Do climatic attractors exist ?",
  journal =      "Nature",
  volume =       "326",
  pages =        "524",
  year =         "1986",
  keywords =     "attractor",
}

@Article{Grassberger86a,
  author =       "P. Grassberger",
  title =        "Do climatic attractors exist?",
  journal =      "Nature",
  volume =       "323",
  pages =        "609--612",
  year =         "1986",
  keywords =     "system identification, attractor, test for chaos,
                 surrogate data",
}

@InCollection{Grassberger86b,
  author =       "P. Grassberger",
  editor =       "A. V. Holden",
  title =        "Estimating the fractal dimensions and entropies of
                 strange attractors",
  booktitle =    "Chaos",
  pages =        "291",
  publisher =    "University Press",
  address =      "Manchester",
  year =         "1986",
  keywords =     "attractor, chaos, dimension, strange, strange
                 attractor",
}

@Article{Grassberger86c,
  author =       "P. Grassberger",
  title =        "Information content and predictability of lumped and
                 distributed dynamical systems; Talk presented at the
                 Fritz Haber Conf. on Chaos and Related Nonlinear
                 Phenomena, Kiryat Anavim, Dec. 1986",
  journal =      "Physica Scripta",
  volume =       "40",
  pages =        "346",
  year =         "1986",
  keywords =     "chaos, nonlinear, ?",
}

@Article{Grassberger86d,
  author =       "P. Grassberger",
  title =        "Toward a quantitative theory of self-generated
                 complexity",
  journal =      "Int. J. Theor. Phys.",
  volume =       "25",
  number =       "9",
  pages =        "907--938",
  year =         "1986",
  keywords =     "complexity",
}

@Article{Grassberger89,
  author =       "P. Grassberger",
  title =        "Information Content and Predictability of Lumped and
                 Distributed Dynamical Systems",
  journal =      "Physica Scripta",
  volume =       "40",
  pages =        "107--111",
  year =         "1989",
}

@InProceedings{Grassberger89a,
  author =       "P. Grassberger",
  editor =       "R. Rechtman et al.",
  title =        "Randomness,Information, and Complexity",
  booktitle =    "Proceedings 5. Mexican School on Statistical
                 Mechanics",
  year =         "1989",
}

@Article{Grassberger88,
  author =       "P. Grassberger",
  title =        "Finite sample corrections to entropy and dimension
                 estimates",
  journal =      "Phys. Lett. A",
  volume =       "128",
  pages =        "369--373",
  year =         "1988",
  keywords =     "dimension, strange attractor, entropy, scaling, data
                 analysis, Grassberger, c+",
}

@TechReport{Grassberger88a,
  author =       "P. Grassberger",
  title =        "On {L}yapunov and dimension spectra of 2-d attractors
                 with an application to the Lozi map",
  institution =  "Preprint Universit{\"a}t Wuppertal",
  type =         "WU B",
  number =       "88-19",
  year =         "1988",
  keywords =     "dimension, Lyapunov exponent, strange attractor, Lozi
                 map",
}

@Article{Grassberger88b,
  author =       "P. Grassberger and R. Badii and A. Politi",
  title =        "Scaling laws for invariant measures on hyperbolic and
                 non-hyperbolic attractors",
  journal =      "J. Stat. Phys.",
  volume =       "51",
  pages =        "135--178",
  year =         "1988",
  keywords =     "scaling, dimension, entropy, Lyapunov exponent,
                 hyperbolic, attractor",
}

@TechReport{Grassberger88c,
  author =       "P. Grassberger and H. Freund",
  title =        "An efficient heuristic algorithm for minimal
                 matching",
  institution =  "Preprint Universit{\"a}t Wuppertal",
  type =         "WU B",
  number =       "88-18",
  year =         "1988",
  keywords =     "matching",
}

@Article{Grassberger89b,
  author =       "P. Grassberger and H. Kantz and U. Moenig",
  title =        "On the symbolic dynamics of the {H}\'enon map",
  journal =      "J. Phys. A",
  volume =       "22",
  pages =        "5217--5230",
  year =         "1989",
  keywords =     "map, symbolic",
}

@Article{Politi88,
  author =       "A. Politi and R. Badii and P. Grassberger",
  title =        "On the geometric structure of non-hyperbolic
                 attractors",
  journal =      "J. Phys. A",
  volume =       "21",
  pages =        "763--769",
  year =         "1988",
  keywords =     "attractor, nonhyperbolic",
}

@Article{DAlessandro90,
  author =       "G. D'Alessandro and P. Grassberger and S. Isola and A.
                 Politi",
  title =        "On the topology of the {H}\'enon map",
  journal =      "J. Phys.",
  volume =       "23",
  pages =        "5285",
  year =         "1990",
  keywords =     "topology, map",
}

@Article{Grassberger90,
  author =       "P. Grassberger",
  title =        "An optimized box-assisted algorithm for fractal
                 dimensions.",
  journal =      "Phys. Lett. A.",
  volume =       "148",
  number =       "1/2",
  pages =        "63--68",
  year =         "1990",
  keywords =     "dimension, computing, algorithm",
}

@Article{Grassberger90a,
  author =       "P. Grassberger",
  title =        "Some comments on a proposed universal attractor on
                 wrinkled tori",
  journal =      "Nonlinearity",
  volume =       "3",
  pages =        "547",
  year =         "1990",
  keywords =     "attractor, tori, universal",
}

@Article{Grassberger91,
  author =       "P. Grassberger and T. Schreiber",
  title =        "Phase transitions in coupled map lattices",
  journal =      "Physica D",
  volume =       "50",
  pages =        "177",
  year =         "1991",
  keywords =     "coupled map lattice, phase transition",
}

@Article{Grassberger91a,
  author =       "P. Grassberger and T. Schreiber and C. Schaffrath",
  title =        "Nonlinear time sequence analysis",
  journal =      "Int. J. of Bifurcation and Chaos",
  volume =       "1",
  number =       "3",
  pages =        "521--547",
  year =         "1991",
  keywords =     "system identification, correlation dimension, delay
                 time, test for chaos, Lyapunov exponent, embedding,
                 reconstruction, filtering, data analysis, C+",
}

@TechReport{Pikovsky91,
  author =       "A. S. Pikovsky and P. Grassberger",
  title =        "Symmetry breaking bifurcation for coupled chaotic
                 attractors",
  type =         "Preprint",
  year =         "1991",
  keywords =     "coupled systems, symmetry, bifurcation",
}

@Article{Schreiber91,
  author =       "T. Schreiber and P. Grassberger",
  title =        "A simple noise-reduction method for real data.",
  journal =      "Phys. Lett. A",
  volume =       "160",
  pages =        "411--418",
  year =         "1991",
  keywords =     "data analysis, noise reduction, filtering, C+",
}

@InCollection{Bergman92,
  author =       "A. Bergman and P. Grassberger and T. P. Meyer",
  editor =       "M. Casdagli and S. Eubank",
  title =        "Forecasting probabilities with neural networks",
  booktitle =    "Nonlinear modeling and forecasting",
  pages =        "305--315",
  publisher =    "Addison Wesley",
  address =      "Redwood City",
  year =         "1992",
}

@Article{Grassberger93,
  author =       "P. Grassberger",
  title =        "On efficient box counting algorithms",
  journal =      "IJMPC",
  volume =       "4",
  pages =        "515--523",
  year =         "1993",
}

@Article{Grassberger93a,
  author =       "P. Grassberger and R. Hegger and H. Kantz and C.
                 Schaffrath and Th. Schreiber",
  title =        "On noise reduction methods for chaotic data",
  journal =      "Chaos",
  volume =       "3",
  pages =        "127--140",
  year =         "1993",
  keywords =     "data analysis, noise, filtering, (C+), chaotic",
}

@Article{Schurmann96,
  author =       "T. Schurmann and P. Grassberger",
  title =        "Entropy Estimation of Symbol Sequences",
  journal =      "Chaos",
  volume =       "6",
  number =       "3",
  pages =        "414--427",
  year =         "1996",
  keywords =     "symbolic dynamics, data compression, H\'enon map,",
}

@Article{Torcini95,
  author =       "A. Torcini and P. Grassberger and A. Politi",
  title =        "Error propagation in extended chaotic systems",
  journal =      "J. Phys. A",
  volume =       "28",
  number =       "16",
  pages =        "4533--4541",
  year =         "1995",
  keywords =     "spatiotemporal system, Lyapunov exponent",
}
