
@Article{Abarbanel91,
  author =       "H. D. I. Abarbanel and R. Brown and M. B. Kennel",
  title =        "{L}yapunov exponents in chaotic systems: their
                 importance and their evaluation using observed data",
  journal =      "Int. J. Mod. Phys. B",
  volume =       "5",
  pages =        "1347--1375",
  year =         "1991",
  keywords =     "data analysis, embedding, Lyapunov, chaotic, chaotic
                 system",
}

@Article{Abarbanel91a,
  author =       "H. D. I. Abarbanel and R. Brown and M. B. Kennel",
  title =        "Variation of {L}yapunov Exponents on a Strange
                 Attractor",
  journal =      "J. Nonlinear Sci.",
  volume =       "1",
  pages =        "175--199",
  year =         "1991",
  keywords =     "Lyapunov, strange attractor, modified QR-method",
}

@Article{Abarbanel92b,
  author =       "H. D. I. Abarbanel and R. Brown and M. B. Kennel",
  title =        "Local {L}yapunov Exponents from Observed Data",
  journal =      "J. Nonlinear Sci.",
  volume =       "2",
  pages =        "343--365",
  year =         "1992",
  keywords =     "Lyapunov",
}

@Article{Abarbanel93c,
  author =       "H. D. I. Abarbanel and M. B. Kennel",
  title =        "Local false neighbors and dynamical dimensions from
                 observed chaotic data",
  journal =      "Phys. Rev. E",
  volume =       "47",
  pages =        "3057--3068",
  year =         "1993",
  keywords =     "data analysis, false neighbors, dimension",
}

@TechReport{Abarbanel92c,
  author =       "H. D. I. Abarbanel and M. B. Kennel",
  title =        "Local false nearest neighbours and dynamical
                 dimensions from observed chaotic data",
  institution =  "Univ. of California",
  type =         "Technical Report, Department of Physics",
  address =      "San Diego, CA",
  year =         "1992",
  keywords =     "data analysis, dimension, false neighbours, embedding
                 dimension",
}

@Article{Kennel95,
  author =       "M. B. Kennel and H. D. I. Abarbanel",
  title =        "False strands and false neighbors",
  journal =      "Phys. Rev. E, (to be published)",
  year =         "1995",
  keywords =     "data analysis, false neighbors, false strands",
}

@Article{Kennel94,
  author =       "M. B. Kennel and H. D. I. Abarbanel",
  title =        "False neighbors and false strands: {A} reliable
                 minimum embedding dimension algorithm",
  journal =      "INLS Preprint",
  publisher =    "INLS",
  address =      "ft://inls.ucsd.edu/pub/inls\_ucsd/fns*",
  year =         "1994",
  keywords =     "data analysis, false neighbors, embedding dimension,
                 c+",
}

@Article{Kennel92,
  author =       "M. B. Kennel and R. Brown and H. D. I. Abarbanel",
  title =        "Determining embedding dimension for phase-space
                 reconstruction using a geometrical construction",
  journal =      "Phys. Rev. A",
  volume =       "45",
  pages =        "3403--3411",
  year =         "1992",
  keywords =     "reconstruction, embedding dimension, Takens, data
                 analysis, false neighbours, (c+)",
}

@Article{Kennel92a,
  author =       "M. B. Kennel and R. Brown and H. D. I. Abarbanel",
  title =        "Determining minimum embedding dimension using a
                 geometrical construction",
  journal =      "Phys. Rev. A",
  volume =       "45",
  pages =        "3403--3411",
  year =         "1992",
  keywords =     "data analysis, embedding dimension",
}

@Article{Kennel92b,
  author =       "M. B. Kennel and S. Isabelle",
  title =        "Method to distinguish chaos from colored noise and to
                 determine embedding parameters",
  journal =      "Phys. Rev. A",
  volume =       "46",
  pages =        "3111--3118",
  year =         "1992",
  keywords =     "system identification, noise, data analysis, test for
                 chaos, surrogate data, embedding dimension, computing",
}
