
@Article{Liebert89,
  author =       "W. Liebert and H. G. Schuster",
  title =        "Proper choice of the time delay for the analysis of
                 chaotic time series",
  journal =      "Phys. Lett. A",
  volume =       "142",
  number =       "2-3",
  pages =        "107--111",
  year =         "1989",
  keywords =     "data analysis, delay time",
}

@Article{Liebert91,
  author =       "W. Liebert and K. Pawelzik and H. G. Schuster",
  title =        "Optimal embeddings of chaotic attractors from
                 topological considerations",
  journal =      "Europhys. Lett.",
  volume =       "14",
  pages =        "521",
  year =         "1991",
  keywords =     "topology, attractor, chaotic, topological",
}
