
@article{Lorenz80,
   author    = {E. N. Lorenz},
   title     = {Noisy periodicity and reverse bifurcation.},
   journal   = {Ann. N. Y. Acad. Sci.},
   year      = {1980},
   volume    = {357},
   pages     = {282},
   keywords  = {bifurcation, (+Cvitanovi{\'c})}
}

@InCollection{Lorenz85,
  author =       "H.-W. Lorenz",
  editor =       "G. Gabisch and H. Trotha",
  title =        "Some remarks on chaos, econometric predictability and
                 rational expectations",
  booktitle =    "Dynamische Eigenschaften nichtlinearer
                 Differenzgleichungen and ihre Anwedungen in der
                 {\"O}konomie",
  volume =       "97",
  pages =        "39--58",
  publisher =    "GMD-Studien",
  address =      "St. Augustin",
  year =         "1985",
  keywords =     "chaos, economics",
}

@Article{Kloeden86,
  author =       "P. E. Kloeden and J. Lorenz",
  title =        "Stable attracting sets in dynamical systems and in
                 their one-step discretizations",
  journal =      "SIAM J. Numer. Anal.",
  volume =       "23",
  pages =        "986--995",
  year =         "1986",
  keywords =     "numerical methods, foundations, c+",
}

@Article{Lorenz87,
  author =       "H.-W. Lorenz",
  title =        "International trade and the possible occurence of
                 chaos",
  journal =      "Economics Lett.",
  volume =       "23",
  pages =        "135--138",
  year =         "1987",
  keywords =     "chaos, economics",
}

@Article{Lorenz87a,
  author =       "H.-W. Lorenz",
  title =        "Strange attractors in a multisector business cycle
                 model",
  journal =      "J. Econom. Behav. a. Organization",
  volume =       "8",
  pages =        "397--411",
  year =         "1987",
  keywords =     "economics, chaos, strange attractor, business cycle",
}

@InCollection{Lorenz89,
  author =       "H.-W. Lorenz",
  editor =       "H.-W. Lorenz",
  title =        "Chaos in descriptive growth theory",
  booktitle =    "Nonlinear dynamical economics and chaotic motion",
  pages =        "119",
  publisher =    "Springer-Verlag",
  address =      "Berlin",
  year =         "1989",
  keywords =     "chaos, economics",
}

@Book{Lorenz89a,
  author =       "H.-W. Lorenz",
  title =        "Nonlinear Dynamical Economics and chaotic motion
                 (Lecture Notes in Economics and Mathematical Systems)",
  volume =       "334",
  publisher =    "Springer-Verlag",
  address =      "Berlin",
  year =         "1989",
  keywords =     "nonlinear dynamics, chaos, economics",
}

@Article{Lorenz88,
  author =       "H.-W. Lorenz",
  title =        "Neuere Entwicklungen in der Theorie dynamischer
                 {\"o}konomischer Systeme",
  journal =      "Jahrb. f. National{\"o}k. u. Statistik",
  volume =       "204",
  pages =        "295--315",
  year =         "1988",
  keywords =     "dynamical system, economics",
}

@Article{Lorenz91,
  author =       "E. N. Lorenz",
  title =        "Dimension of weather and climate attractors.",
  journal =      "Nature",
  volume =       "353",
  pages =        "241--244",
  year =         "1991",
  keywords =     "correlation dimension, attractor",
}

@Book{Lorenz93,
  author =       "E. Lorenz",
  title =        "The Essence of Chaos",
  publisher =    "Univ. of Washington Press",
  address =      "Seattle",
  year =         "1993",
  keywords =     "chaos, (monograph)",
}

@Book{Lorenz93a,
  author =       "H.-W. Lorenz",
  title =        "Complexity in deterministic, nonlinear business cycle
                 models - Foundations, empirical evidence",
  publisher =    "Springer-Verlag",
  address =      "Berlin",
  year =         "1993",
}

@InCollection{Lorenz93b,
  author =       "H.-W. Lorenz",
  editor =       "F., Gori and L., Geronazzo and M, Galeotti",
  title =        "Complexity in Deterministic, Nonlinear Business Cycle
                 Models - Foundations, Empirical Evidence, and
                 Predictability",
  booktitle =    "Nonlinear Dynamics in Economics and Social Sciences",
  publisher =    "Springer-Verlag",
  address =      "Berlin",
  year =         "1993",
  keywords =     "economics, test for nonlinearity",
}


@InProceedings{Lorenz93c,
  author =       "H.-W. Lorenz",
  editor =       "F., Gori and L., Geronazzo and M., Galeotti",
  title =        "Complexity in deterministic, nonlinear business-cycle
                 models - Foundations, empirical evidence, and
                 predictability",
  booktitle =    "Nonlinear Dynamics in Economics and Social Sciences;
                 Proc of the 2nd Informal Workshop, Siena, Italy, May
                 27-30, 1991",
  pages =        "17--52",
  publisher =    "Springer Verlag",
  address =      "Berlin Heidelberg New York",
  year =         "1993",
  keywords =     "economics, complexity, deterministic models,
                 business-cycle",
}

@Article{Lorenzo96,
  author =       "M. N. Lorenzo and I. P. Mari\~no and V.
                 P\'erez-Mu\~nuzuri and M. A. Mat\'\i{}as and V.
                 P\'erez-Villar",
  title =        "Synchronization waves in arrays of driven chaotic
                 systems",
  journal =      "Phys. Rev. E",
  volume =       "54",
  number =       "4",
  pages =        "3094--3097",
  year =         "1996",
  keywords =     "driven system, coupled systems, synchronizing chaos,
                 Chua",
}

@InProceedings{Lorenz79,
  author =       "E. N. Lorenz",
  editor =       "M. Grmela and J. E. Marsden",
  title =        "On the prevalence of aperiodicity for simple systems",
  booktitle =    "Global Analysis, Proceedings of the Biennial Seminar
                 of the Canadian Mathematical Congress, Calgary,
                 Alberta, June 12-27, 1978 (Lecture Notes in
                 Mathematics)",
  volume =       "755",
  pages =        "53",
  publisher =    "Springer-Verlag",
  address =      "Berlin",
  year =         "1979",
}

@Article{Lorenz69,
  author =       "E. N. Lorenz",
  title =        "Atmospheric predictability as revealed by naturally
                 occurring analogies",
  journal =      "J. Atmos. Sci.",
  volume =       "26",
  pages =        "636",
  year =         "1969",
}

@Article{Lorenz64,
  author =       "E. N. Lorenz",
  title =        "The problem of deducing the climate from the governing
                 equations",
  journal =      "Tellus",
  volume =       "16",
  pages =        "1",
  year =         "1964",
}

@Article{Lorenz63,
  author =       "E. N. Lorenz",
  title =        "Deterministic Nonperiodic Flow",
  journal =      "J. Atmos. Sci.",
  volume =       "20",
  pages =        "130--141",
  year =         "1963",
  keywords =     "(Hao Bai-Lin)",
}

@TechReport{Lorenz56,
  author =       "E. N. Lorenz",
  title =        "Empirical orthonogal functions and statistical weather
                 prediction",
  institution =  "Statistical Forecasting Project,",
  type =         "Scientific Report No.",
  number =       "1",
  address =      "Cambridge Mass.",
  year =         "1956",
  keywords =     "meteorological",
}
