
@article{Mandelbrot80,
   author    = {B. Mandelbrot},
   title     = {Fractal aspects of the iteration of z = lambda*z(1-z)
       for complex lambda and z},
   journal   = {Ann. N. Y. Acad. Sci.},
   year      = {1980},
   volume    = {357},
   pages     = {249},
   keywords  = {fractal, iteration}
}

@book{Mandelbrot82,
   author    = {B. Mandelbrot},
   title     = {The fractal geometry of nature},
   year      = {1982},
   publisher = {Freeman},
   address   = {San Francisco},
   keywords  = {fractal}
}

@InCollection{Mandelbrot90,
  author =       "B. B. Mandelbrot",
  editor =       "D. K. Campbell",
  title =        "Two meanings of multifractality, and the notion of
                 negative fractal dimension",
  booktitle =    "Chaos - Soviet-American perspectives on nonlinear
                 science",
  pages =        "79--90",
  publisher =    "AIP",
  address =      "New York",
  year =         "1990",
  keywords =     "dimension, multifractal, fractal dimension",
}

@Book{Mandelbrot77,
  author =       "B. Mandelbrot",
  title =        "Fractals - form, chance, and dimension",
  publisher =    "Freeman",
  address =      "San Francisco",
  year =         "1977",
  keywords =     "dimension, fractal",
}

@Article{Mandelbrot72,
  author =       "B. Mandelbrot",
  title =        "Statistical methodology for nonperiodic cycles: From
                 the covariance to {R}/{S} analysis",
  journal =      "Ann. Econ. Soc. Measurement",
  volume =       "1",
  year =         "1972",
  keywords =     "statistics, method, economica, system identification",
}

@Article{Mandelbrot67,
  author =       "B. Mandelbrot",
  title =        "The variation of some other speculative prices",
  journal =      "J. Business",
  volume =       "40",
  pages =        "393--413",
  year =         "1967",
  keywords =     "economics",
}

@InCollection{Mandelbrot64,
  author =       "B. Mandelbrot",
  editor =       "P. Cootner",
  title =        "The variation of certain speculative prices",
  booktitle =    "The Random Character of Stock Prices",
  publisher =    "MIT Press",
  address =      "Cambridge, Mass.",
  year =         "1964",
  keywords =     "economics, proces, system identification",
}

@Article{Mandelbrot63,
  author =       "B. Mandelbrot",
  title =        "The variation of certain speculative prices",
  journal =      "J. Business",
  volume =       "36",
  pages =        "394--413",
  year =         "1963",
  keywords =     "economics, commodity prices, fractal",
}

@Article{Mandelbrot74,
  author =       "B. B. Mandelbrot",
  title =        "Intermittent turbulence in self-similar cascades:
                 divergence of high moments and dimension of the
                 carrier",
  journal =      "J. Fluid Mech.",
  volume =       "62",
  pages =        "331",
  year =         "1974",
  keywords =     "dimension, turbulence, intermittency",
}

@Article{Mandelbrot68,
  author =       "B. B. Mandelbrot and J. Van Ness",
  title =        "Fractional Brownian motions, fractional noises and
                 applications",
  journal =      "SIAM Review",
  volume =       "10",
  pages =        "422--437",
  year =         "1968",
  keywords =     "noise",
}

@Article{Mandelbrot69,
  author =       "B. Mandelbrot and J. Wallis",
  title =        "Computer experiments with fractional Gaussian noises.
                 Part 1, averages and variances",
  journal =      "Water Resourc. Res.",
  volume =       "5",
  year =         "1969",
  keywords =     "noise, scaling",
}

@Article{Mandelbrot69a,
  author =       "B. Mandelbrot and J. Wallis",
  title =        "Computer experiments with fractional Gaussian noises.
                 Part 2, rescaled ranges and spectra",
  journal =      "Water Resourc. Res.",
  volume =       "5",
  year =         "1969",
  keywords =     "noise, scaling",
}

@Article{Mandelbrot69b,
  author =       "B. Mandelbrot and J. Wallis",
  title =        "Computer experiments with fractional Gaussian noises.
                 Part 3, mathematical appendix",
  journal =      "Water Resourc. Res.",
  volume =       "5",
  year =         "1969",
  keywords =     "noise, scaling",
}

@Article{Mandelbrot69c,
  author =       "B. Mandelbrot and J. Wallis",
  title =        "Robustness of the rescaled range {R}/{S} in the
                 measurement of non-cyclic long run statistical
                 dependence",
  journal =      "Water Resourc. Res.",
  volume =       "5",
  year =         "1969",
  keywords =     "system indentification, statistics",
}
