
@article{Ott81,
   author    = {Edward Ott},
   title     = {Strange attractors and chaotic motions of dynamical
       systems.},
   journal   = {Rev. Mod. Phys.},
   year      = {1981},
   volume    = {53},
   number    = {4},
   pages     = {655--671},
   keywords  = {attractor, chaotic, strange, strange attractor}
}

@article{Ott81a,
   author    = {Edward Ott and J. D. Hanson},
   title     = {The effect of noise on the structure of strange
       attractors.},
   journal   = {Phys. Lett. A},
   year      = {1981},
   volume    = {85},
   pages     = {20},
   keywords  = {chaotic system, strange attractor, noise}
}

@article{Russel80,
   author    = {D. A. Russel and J. D. Hanson and E. Ott},
   title     = {Dimension of strange attractors},
   journal   = {Phys. Rev. Lett.},
   year      = {1980},
   volume    = {45},
   pages     = {1175--1178},
   keywords  = {strange attractor, dimension}
}

@article{Russel81,
   author    = {D. A. Russel and Edward Ott},
   title     = {Chaotic (strange) and periodic behavior in instability
       saturation by the oscillating two-stream instability},
   journal   = {Phys. Fluids},
   year      = {1981},
   volume    = {24},
   pages     = {1976},
   keywords  = {chaotic, strange}
}

@article{Wersinger80,
   author    = {J. M. Wersinger and J. M. Finn and Edward Ott},
   title     = {Bifurcations and stange behavior in instability
       saturation by nonlinear mode coupling},
   journal   = {Phys. Rev. Lett.},
   year      = {1980},
   volume    = {44},
   pages     = {453},
   keywords  = {bifurcation, nonlinear, mode}
}

@article{Bonoli82,
   author    = {P. T. Bonoli and E. Ott},
   title     = {Toroidal and scattering effects on lower hybrid wave
       propagation in Tokamaks},
   journal   = {Phys. Fluids},
   year      = {1982},
   volume    = {25},
   pages     = {359},
   keywords  = {Tokamak, magnetohydrodynamics, scattering}
}

@article{Farmer83,
   author    = {J. D. Farmer and E. Ott and J. A. Yorke},
   title     = {The dimension of chaotic attractors},
   journal   = {Physica D},
   year      = {1983},
   volume    = {7},
   pages     = {153--180},
   keywords  = {fractal, attractor, chaotic, dimension, Lyapunov, c+}
}

@article{Grebogi82,
   author    = {C. Grebogi and E. Ott and J. A. Yorke},
   title     = {Chaotic Attractors in Crisis},
   journal   = {Phys. Rev. Lett.},
   year      = {1982},
   volume    = {48},
   pages     = {1507--1510},
   keywords  = {crisis, theoretical, attractor, boundary crisis,
       interior crisis, chaotic, +Hao-I, c+}
}

@article{Grebogi83,
   author    = {C. Grebogi and S. W. McDonald and E. Ott and J. A.
       Yorke},
   title     = {Final state sensitivity. An obstruction to
       predictability},
   journal   = {Phys. Lett. A},
   year      = {1983},
   volume    = {99},
   pages     = {415}
}

@article{Grebogi83a,
   author    = {C. Grebogi and E. Ott and J. A. Yorke},
   title     = {Are three-frequency quasiperiodic orbits to be
       expected in typical nonlinear dynamical systems},
   journal   = {Phys. Rev. Lett.},
   year      = {1983},
   volume    = {51},
   pages     = {339},
   keywords  = {chaotic system, nonlinear}
}

@article{Grebogi83b,
   author    = {C. Grebogi and E. Ott and J. A. Yorke},
   title     = {Crisis, sudden changes in chaotic attractors, and
       transient chaos},
   journal   = {Physica D},
   year      = {1983},
   volume    = {7},
   pages     = {181--200},
   keywords  = {attractor, chaos, transient, H\'enon, stochastic
       crisis, c+}
}

@article{Grebogi83c,
   author    = {C. Grebogi and E. Ott and J. A. Yorke},
   title     = {Fractal basin boundaries, long-lived chaotic
       transients, and unstable-unstable pair bifurcation},
   journal   = {Phys. Rev. Lett.},
   year      = {1983},
   volume    = {50},
   pages     = {935--938},
   keywords  = {bifurcation, chaotic system, fractal, transient, basin
       boundary}
}

@Article{Bondeson85,
  author =       "A. Bondeson and E. Ott and Jr., M. Antonsen",
  title =        "Quasiperiodically forced pendula and Schr{\"o}dinger
                 equations with quasiperiodic potentials: implications
                 of their equivalence",
  journal =      "Phys. Rev. Lett.",
  volume =       "55",
  pages =        "2103",
  year =         "1985",
}

@Article{Grebogi85,
  author =       "C. Grebogi and S. W. McDonald and Ott. E. and J. A.
                 Yorke",
  title =        "Exterior dimension of fat fractals",
  journal =      "Phys. Lett. A",
  volume =       "110",
  pages =        "1",
  year =         "1985",
  keywords =     "fat fractals, dimension",
}

@Article{Grebogi84,
  author =       "C. Grebogi and E. Ott and S. Pelikan and J. A. Yorke",
  title =        "Strange attractors that are not chaotic",
  journal =      "Physica D",
  volume =       "13",
  pages =        "261--268",
  year =         "1984",
  keywords =     "attractor, chaotic, strange, strange attractor",
}

@Article{Grebogi85a,
  author =       "C. Grebogi and E. Ott and J. A. Yorke",
  title =        "Attractors on an {N}-torus. Quasiperiodicity versus
                 chaos",
  journal =      "Physica D",
  volume =       "15",
  pages =        "354--373",
  year =         "1985",
  keywords =     "attractor, chaos, torus",
}

@Article{Grebogi85b,
  author =       "C. Grebogi and E. Ott and J. A. Yorke",
  title =        "Structure and crisis for fractal basin boundaries",
  journal =      "Phys. Lett. A",
  volume =       "107",
  pages =        "51--54",
  year =         "1985",
  keywords =     "basin boundary, crisis, fractal",
}

@Article{Grebogi85c,
  author =       "C. Grebogi and E. Ott and J. A. Yorke",
  title =        "Super persistent chaotic transients",
  journal =      "Ergodic Theory \& Dynamical Systems",
  volume =       "5",
  pages =        "341",
  year =         "1985",
  keywords =     "chaotic, transient",
}

@Article{McDonald85,
  author =       "Steven W. McDonald and Celso Grebogi and Edward, Ott
                 and James A. Yorke",
  title =        "Fractal basin boundaries",
  journal =      "Physica D",
  volume =       "17",
  pages =        "125--153",
  year =         "1985",
  keywords =     "basin boundary, logistic map, Lorenz system, logistic
                 map, +Kapitaniak",
}

@Article{Meiss85a,
  author =       "J. D. Meiss and E. Ott",
  title =        "Markov Tree Model of Intrinsic Transport in
                 {H}amiltonian Systems",
  journal =      "Phys. Rev. Lett.",
  volume =       "55",
  pages =        "2741--2744",
  year =         "1985",
  keywords =     "Markov tree, transport, Hamiltonian, A. P. maps,
                 island",
}

@Article{Meiss85b,
  author =       "J. D. Meiss and E. Ott",
  title =        "Markov-tree model intrinsic transport in {H}amiltonian
                 systems",
  journal =      "Phys. Rev. Lett.",
  volume =       "55",
  pages =        "2741",
  year =         "1985",
  keywords =     "Hamiltonian system, transport",
}

@Article{Ott84,
  author =       "E. Ott and T. M. Antonsen",
  title =        "Effect of noise on time-dependent quantum chaos",
  journal =      "Phys. Rev. Lett.",
  volume =       "53",
  pages =        "2187",
  year =         "1984",
  keywords =     "quantum chaos, noise",
}

@Article{Ott84a,
  author =       "E. Ott and W. D. Withers and J. A. Yorke",
  title =        "Is the dimension of chaotic attractors invariant under
                 coordinate change?",
  journal =      "J. Stat. Phys.",
  volume =       "36",
  pages =        "687--697",
  year =         "1984",
  keywords =     "strange attractor, invariance, dimension, chaotic",
}

@Article{Ott85,
  author =       "E. Ott and E. D. Yorke and J. A. Yorke",
  title =        "A scaling law. How an attractor's volume depends on
                 noise level",
  journal =      "Physica D",
  volume =       "16",
  pages =        "62--78",
  year =         "1985",
  keywords =     "attractor, noise, scaling",
}

@Article{Yorke85,
  author =       "J. A. Yorke and C. Grebogi and E. Ott and L.
                 Tedeschini-Lalli",
  title =        "Scaling behavior of windows in dissipative dynamical
                 systems",
  journal =      "Phys. Rev. Lett.",
  volume =       "54",
  pages =        "1095",
  year =         "1985",
  keywords =     "scaling, periodic window",
}

@Article{Brown86,
  author =       "R. Brown and C. Grebogi and E. Ott",
  title =        "Broadening of the spectral peaks at the merging of
                 chaotic bands in period-doubling systems",
  journal =      "Phys. Rev. A",
  volume =       "34",
  pages =        "2248",
  year =         "1986",
  keywords =     "chaotic, period-doubling",
}

@Article{Brown87,
  author =       "R. Brown and E. Ott and C. Grebogi",
  title =        "Ergodic adiabatic invariants of chaotic systems",
  journal =      "Phys. Rev. Lett.",
  volume =       "59",
  pages =        "1173",
  year =         "1987",
  keywords =     "chaotic, chaotic system, invariant",
}

@Article{Brown87a,
  author =       "R. Brown and E. Ott and C. Grebogi",
  title =        "The goodness of ergodic adiabatic invariants",
  journal =      "J. Stat. Phys.",
  volume =       "49",
  pages =        "511",
  year =         "1987",
  keywords =     "invariant",
}

@Article{Grebogi87,
  author =       "C. Grebogi and E. Kostelich and E. Ott and J. A.
                 Yorke",
  title =        "Multi-dimensional intertwined basin boundaries: Basin
                 structure of the kicked double rotator",
  journal =      "Physica D",
  volume =       "25",
  pages =        "347--360",
  year =         "1987",
  keywords =     "basin boundary, dimension, kicked, double rotor,
                 driven system",
}

@Article{Grebogi86,
  author =       "C. Grebogi and E. Kostelich and E. Ott and J. A.
                 Yorke",
  title =        "Multi-dimensional intertwined basin boundaries and the
                 kicked double rotor",
  journal =      "Phys. Lett. A",
  volume =       "18",
  pages =        "448--452",
  year =         "1986",
  keywords =     "basin boundary, dimension, kicked, double rotor ,
                 driven system",
}

@Article{Grebogi87a,
  author =       "C. Grebogi and E. Ott and J. A. Yorke",
  title =        "Basin boundary metamorphoses: Changes in accessible
                 boundary orbits",
  journal =      "Physica D",
  volume =       "24",
  pages =        "243--262",
  year =         "1987",
  keywords =     "basin boundary, basin, c+",
}

@Article{Grebogi87b,
  author =       "C. Grebogi and E. Ott and J. A. Yorke",
  title =        "Chaos, strange attractors, and fractal basin
                 boundaries in nonlinear dynamics",
  journal =      "Science",
  volume =       "238",
  pages =        "632--638",
  year =         "1987",
  keywords =     "attractor, basin boundary, chaos, fractal, nonlinear,
                 strange attractor, (Hao Bai-Lin)I",
}

@InCollection{Grebogi87c,
  author =       "C. Grebogi and E. Ott and J. A. Yorke",
  editor =       "Y. S. Kim and W. W. Zachary",
  title =        "Fractal basin boundaries",
  booktitle =    "The Physics of Phase Space. Nonlinear Dynamics and
                 Chaos, Geometric Quantization, and Wigner Function
                 (Lecture Notes in Physics)",
  volume =       "278",
  pages =        "28--32",
  publisher =    "Springer-Verlag",
  address =      "Berlin",
  year =         "1987",
  keywords =     "basin boundary, fractal",
}

@Article{Grebogi87d,
  author =       "C. Grebogi and E. Ott and J. A. Yorke",
  title =        "Unstable periodic orbits and the dimension of chaotic
                 attractors",
  journal =      "Phys. Rev. A",
  volume =       "36",
  pages =        "3522--3524",
  year =         "1987",
}

@Article{Grebogi86a,
  author =       "C. Grebogi and E. Ott and J. A. Yorke",
  title =        "Critical exponent of chaotic transients in nonlinear
                 dynamical systems",
  journal =      "Phys. Rev. Lett.",
  volume =       "57",
  pages =        "1284--1287",
  year =         "1986",
  keywords =     "chaotic system, transient, nonlinear",
}

@Article{Grebogi86b,
  author =       "C. Grebogi and E. Ott and J. A. Yorke",
  title =        "Metamormphoses of basin boundaries in nonlinear
                 dynamical systems",
  journal =      "Phys. Rev. Lett.",
  volume =       "56",
  pages =        "1011--1014",
  year =         "1986",
  keywords =     "basin boundary, nonlinear",
}

@Article{Meiss86b,
  author =       "J. D. Meiss and E. Ott",
  title =        "Markov Tree Model of Transport in Area Preserving
                 Maps",
  journal =      "Physica D",
  volume =       "20",
  pages =        "387--402",
  year =         "1986",
  keywords =     "markov tree, area-preserving map, transport, island",
}

@Article{Meiss86c,
  author =       "J. D. Meiss and E. Ott",
  title =        "Markov tree model of transport in area preserving
                 maps.",
  journal =      "Physica D",
  volume =       "20",
  pages =        "387",
  year =         "1986",
  keywords =     "map, model",
}

@Article{Ott87,
  author =       "E. Ott and C. Grebogi and F. Romeiras and J. A.
                 Yorke",
  title =        "Critical exponent for crisis induced intermittency",
  journal =      "Phys. Rev. A",
  volume =       "36",
  pages =        "5365",
  year =         "1987",
  keywords =     "crisis, intermittency, critical exponent, symbolic
                 dynamics",
}

@Article{Romeiras87,
  author =       "F. J. Romeiras and A. Bondeson and E. Edward Ott and
                 Jr., Th. M. Antonsen and C. Grebogi",
  title =        "Quasiperiodically forced dynamical systems with
                 strange nonchaotic attractors",
  journal =      "Physica D",
  volume =       "26",
  pages =        "277--294",
  year =         "1987",
  keywords =     "strange attractor, nonchaotic attractor,
                 (+Kapitaniak)",
}

@Article{Romeiras87a,
  author =       "F. J. Romeiras and E. Ott",
  title =        "Strange nonchaotic attractors of the damped pendulum
                 with quasiperiodic forcing",
  journal =      "Phys. Rev. A",
  volume =       "35",
  pages =        "4404",
  year =         "1987",
  keywords =     "strage nonchaotic attractor, pendulum",
}

@Article{Battelino89,
  author =       "Peter M. Battelino and Celso Grebogi and Edward Ott
                 and James A. Yorke",
  title =        "Chaotic Attractors on a 3-Torus, and Torus Break-up",
  journal =      "Physica D",
  volume =       "39",
  pages =        "299--314",
  year =         "1989",
  keywords =     "van der Pol, oscillator, torus, computing, attractor,
                 chaotic",
}

@Article{Battelino88,
  author =       "Peter M. Battelino and Celso Grebogi and Edward Ott
                 James A. Yorke and Ellen D. Yorke",
  title =        "Multiple Coexisting Attractors, Basin Boundaries and
                 Basic Sets",
  journal =      "Physica D",
  volume =       "32",
  pages =        "296--305",
  year =         "1988",
  keywords =     "basin boundary, basic set, coexisting attractors,
                 straddle orbit, driven system, pendulum, Cantor set,
                 Van der Pol oscillator, c+",
}

@Article{Bleher88,
  author =       "S. Bleher and C. Grebogi and E. Ott and R. Brown",
  title =        "Fractal boundaries for exit in {H}amiltonian
                 dynamics",
  journal =      "Phys. Rev. A",
  volume =       "38",
  pages =        "930",
  year =         "1988",
  keywords =     "fractal, Hamiltonian system",
}

@Article{Bleher89,
  author =       "S. Bleher and E. Ott and C. Grebogi",
  title =        "Routes to chaotic scattering",
  journal =      "Phys. Rev. Lett.",
  volume =       "63",
  pages =        "919--922",
  year =         "1989",
  keywords =     "scattering, chaotic",
}

@Article{Ding89a,
  author =       "M. Ding and C. Grebogi and E. Ott",
  title =        "Dimensions of strange nonchaotic attractors",
  journal =      "Phys. Lett A",
  volume =       "137",
  pages =        "167--172",
  year =         "1989",
  keywords =     "strange nonchaotic attractor, dimension, +Kapitaniak",
}

@Article{Ding89b,
  author =       "M. Ding and C. Grebogi and E. Ott",
  title =        "Evolution of attractors in quasiperiodically forced
                 systems: From quasiperiodic to strange nonchaotic to
                 chaotic",
  journal =      "Phys. Rev. A",
  volume =       "39",
  pages =        "2593--2598",
  year =         "1989",
  keywords =     "strange attractor, nonchaotic attractor, c+",
}

@Article{Doherty88,
  author =       "M. F. Doherty and J. M. Ottino",
  title =        "Chaos in deterministic systems: Strange attractors,
                 turbulence, and applications in chemical engineering",
  journal =      "Chem. Eng. Sci.",
  volume =       "43",
  pages =        "139",
  year =         "1988",
  keywords =     "chemical, engineering, chaos, turbulence",
}

@InCollection{Grebogi88,
  author =       "C. Grebogi and H. E. Nusse and E. Ott and J. A.
                 Yorke",
  editor =       "Alexander and J. C.",
  title =        "Basic Sets: Sets That Determine The Dimension of Basin
                 Boundaries",
  booktitle =    "Dynamical Systems (Lecture Notes in Mathematics)",
  volume =       "1342",
  pages =        "220--250",
  publisher =    "Springer-Verlag",
  address =      "Berlin",
  year =         "1988",
  keywords =     "basic set, basin boundary, Axiom A, chaos, map",
}

@Article{Grebogi88a,
  author =       "C. Grebogi and E. Ott and J. A. Yorke",
  title =        "Roundoff induced periodicity and the correlation
                 dimension of chaotic attractors",
  journal =      "Phys. Rev. A",
  volume =       "38",
  pages =        "366",
  year =         "1988",
  keywords =     "chaotic attractor, correlation dimension, roundoff",
}

@Article{Grebogi88b,
  author =       "C. Grebogi and E. Ott and J. A. Yorke",
  title =        "Unstable periodic orbits and the dimension of
                 multifractal chaotic attractors",
  journal =      "Phys. Rev. A",
  volume =       "37",
  pages =        "1711--1724",
  year =         "1988",
  keywords =     "dimension, chaotic attractor, multifractal",
}

@Article{Hsu88,
  author =       "G. H. Hsu and E. Ott and C. Grebogi",
  title =        "Strange saddles and the dimension of their invariant
                 manifolds",
  journal =      "Phys. Lett. A",
  volume =       "127",
  pages =        "199--204",
  year =         "1988",
  keywords =     "basin boundary, dimension, strange",
}

@Article{Ott89,
  author =       "E. Ott and T. M. Antonsen",
  title =        "Fractal measures of passively convected vector fields
                 and scalar gradients in chaotic fluid flows",
  journal =      "Phys. Rev. A",
  volume =       "38",
  pages =        "3660",
  year =         "1989",
  keywords =     "fluid dynamics, fractal measure",
}

@Article{Ott88,
  author =       "E. Ott and T. M. Antonsen",
  title =        "Chaotic fluid convection and the fractal nature of
                 passive scalar gradients",
  journal =      "Phys. Rev. Lett.",
  volume =       "61",
  pages =        "2839",
  year =         "1988",
  keywords =     "chaotic, fluid dynamics",
}

@Article{Ott89a,
  author =       "E. Ott and C. Grebogi and J. A. Yorke",
  title =        "Theory of First Order Phase Transitions for Chaotic
                 Attractors of Nonlinear Dynamical Systems",
  journal =      "Phys. Lett. A",
  volume =       "135",
  pages =        "343--348",
  year =         "1989",
  keywords =     "attractor, chaos, multifractal",
}

@Article{Ott89b,
  author =       "E. Ott and T. Sauer and J. A. Yorke",
  title =        "{L}yapunov partition functions for the dimensions of
                 chaotic sets",
  journal =      "Phys. Rev. A",
  volume =       "39",
  pages =        "4212",
  year =         "1989",
  keywords =     "Lyapunov, partition, dimension, chaotic set",
}

@Book{Ottino89,
  author =       "J. M. Ottino",
  title =        "The kinematics of mixing: Stretching, chaos, and
                 transport",
  publisher =    "University Press",
  address =      "Cambridge",
  year =         "1989",
  keywords =     "chaos",
}

@Article{Park89,
  author =       "B.-S. Park and C. Grebogi and E. Ott and J. A. Yorke",
  title =        "Scaling of Fractal Basin Boundaries Near Intermittency
                 Transitions to Chaos",
  journal =      "Phys. Rev. A",
  volume =       "40",
  pages =        "1576",
  year =         "1989",
  keywords =     "logistic map, intermittency",
}

@Article{Romeiras89,
  author =       "F. J. Romeiras and A. Bondeson and E. Ott and T. M.
                 Antonsen and C. Grebogi",
  title =        "Quasiperiodic forcing and the observability of strange
                 nonchaotic attractors",
  journal =      "Physica Scripta",
  volume =       "40",
  pages =        "442",
  year =         "1989",
  keywords =     "strange nonchaotic attractor",
}

@Article{Umberger89,
  author =       "D. K. Umberger and C. Grebogi and E. Ott and B.
                 Afeyan",
  title =        "Spatiotemporal dynamics in a dispersively coupled
                 chain of nonlinear oscillators",
  journal =      "Phys. Rev. A",
  volume =       "39",
  pages =        "4835--4842",
  year =         "1989",
  keywords =     "spatiotemporal, oscillator, chain of oscillators,
                 +Kapitaniak",
}

@TechReport{Antonsen91,
  author =       "T. M. Antonsen and E. Ott and Q. Chen",
  title =        "Statistics of wavefunction scars",
  type =         "Preprint",
  year =         "1991",
  keywords =     "quantum chaos",
}

@Article{Bleher90,
  author =       "S. Bleher and C. Grebogi and E. Ott",
  title =        "Bifurcation to chaotic scattering",
  journal =      "Physica D",
  volume =       "46",
  pages =        "87--121",
  year =         "1990",
  keywords =     "scattering, bifurcation, chaotic",
}

@Article{Chen90a,
  author =       "Q. Chen and M. Ding and E. Ott",
  title =        "Chaotic scattering in several dimension",
  journal =      "Phys. Lett. A",
  volume =       "115",
  pages =        "93",
  year =         "1990",
  keywords =     "chaotic scattering",
}

@Article{Chen91,
  author =       "Q. Chen and E. Ott and L. Hurd",
  title =        "Calculating Topological Entropies of Chaotic Dynamical
                 Systems",
  journal =      "Phys. Lett. A",
  volume =       "156",
  pages =        "48",
  year =         "1991",
}

@Article{Ding90,
  author =       "M. Ding and T. Bountis and E. Ott",
  title =        "Algebraic escape in higher dimensional {H}amiltonian
                 systems",
  journal =      "Phys. Lett. A",
  volume =       "151",
  pages =        "395",
  year =         "1990",
  keywords =     "Hamiltonian, escape",
}

@Article{Ding90a,
  author =       "M. Ding and C. Grebogi and E. Ott and J. A. Yorke",
  title =        "Transition to chaotic scattering",
  journal =      "Phys. Rev. A",
  volume =       "42",
  pages =        "7025--7040",
  year =         "1990",
  keywords =     "scattering, chaotic, transition",
}

@Article{Lau91,
  author =       "Y. Lau and J. M. Finn and E. Ott",
  title =        "Fractal dimension in nonhyperbolic chaotic
                 scattering",
  journal =      "Phys. Rev. Lett.",
  volume =       "66",
  pages =        "978--981",
  year =         "1991",
  keywords =     "chaotic, dimension, fractal",
}

@Article{Mizzio91,
  author =       "F. J. Mizzio and P. D. Swanson and J. M. Ottino",
  title =        "The statistics of stretching and stirring in chaotic
                 flows",
  journal =      "Phys. Fluids A",
  volume =       "3",
  pages =        "822",
  year =         "1991",
  keywords =     "chaotic, flow",
}

@Article{Muzzio90,
  author =       "F. J. Muzzio and J. M. Ottino",
  title =        "Diffusion and reaction in a lamellar system:
                 Self-similarity with finite rates of reaction",
  journal =      "Phys. Rev. A",
  volume =       "42",
  pages =        "5873--5884",
  year =         "1990",
  keywords =     "reaction-diffusion, self-similarity",
}

@Article{Ott90,
  author =       "E. Ott and C. Grebogi and J. A. Yorke",
  title =        "Controlling Chaos",
  journal =      "Phys. Rev. Lett.",
  volume =       "64",
  pages =        "1196--1199",
  year =         "1990",
  keywords =     "controlling chaos",
}

@InCollection{Ott90a,
  author =       "E. Ott and C. Grebogi and J. A. Yorke",
  editor =       "D. K. Campbell",
  title =        "Controlling chaotic dynamical systems",
  booktitle =    "Chaos - Soviet-American perspectives on nonlinear
                 science",
  pages =        "153--172",
  publisher =    "AIP",
  address =      "New York",
  year =         "1990",
  keywords =     "controlling chaos",
}

@Article{Ottino90,
  author =       "J. M. Ottino",
  title =        "Mixing, chaotic advection, and turbulence",
  journal =      "Ann. Rev. Fluid Mech.",
  volume =       "22",
  pages =        "207--253",
  year =         "1990",
  keywords =     "chaotic, turbulence",
}

@InProceedings{Romeiras91,
  author =       "F. J. Romeiras and C. Grebogi and E. Ott and W. P.
                 Dayawansa",
  title =        "Controlling chaotic dynamical systems",
  booktitle =    "Proc. 1991 Am. Contr. Conf.",
  pages =        "1112--1119",
  publisher =    "IEEE",
  year =         "1991",
  keywords =     "controlling chaos",
}

@Article{Shinbrot90,
  author =       "T. Shinbrot and E. Ott and C. Grebogi and J. A.
                 Yorke",
  title =        "Using chaos to direct trajectories to targets",
  journal =      "Phys. Rev. Lett.",
  volume =       "65",
  pages =        "3215--3218",
  year =         "1990",
  keywords =     "control, chaos, tori",
}

@Article{Sommerer91b,
  author =       "J. C. Sommerer and E. Ott. C. Grebogi",
  title =        "Scaling law for characteristic times of noise-induced
                 crises",
  journal =      "Phys. Rev. A",
  volume =       "43",
  pages =        "1754",
  year =         "1991",
  keywords =     "scaling law, characteristic times, noise-induced
                 crisis",
}

@Article{Tjahjadi91,
  author =       "M. Tjahjadi and J. M. Ottino",
  title =        "Stretching and breakup of droplets in chaotic flows",
  journal =      "J. Fluid Mech.",
  volume =       "232",
  pages =        "191--219",
  year =         "1991",
  keywords =     "chaotic, flow",
}

@Article{Vrosi91,
  author =       "F. V\'arosi and T. M. Antonsen and E. Ott",
  title =        "The spectrum of fractal dimensions of passively
                 convected scalar gradients in chaotic fluid flows",
  journal =      "Phys. Fluids A",
  volume =       "3",
  pages =        "1017",
  year =         "1991",
  keywords =     "fluid dynamics, fractal dimension",
}

@Article{Auerbach92,
  author =       "D. Auerbach and C. Grebogi and E. Ott and J. Yorke",
  title =        "Controlling chaos in high dimensional systems",
  journal =      "Phys. Rev. Lett.",
  volume =       "69",
  pages =        "3479--3482",
  year =         "1992",
  keywords =     "controlling chaos, OGY, high-dimensional",
}

@Article{Casas96,
  author =       "F. Casas and W. Chin and C. Grebogi and E. Ott",
  title =        "Universal grazing bifurcations in impact oscillators",
  journal =      "Phys. Rev. E",
  volume =       "53",
  number =       "1",
  pages =        "134--139",
  year =         "1996",
  keywords =     "grazing bifurcation, impact oscillator, (c+)",
}

@Article{Chakravarthy95,
  author =       "V. S. Chakravarthy and J. M. Ottino",
  title =        "Mixing studies using horseshoes",
  journal =      "Int. J. of Bifurcation and Chaos",
  volume =       "5",
  number =       "2",
  pages =        "519--530",
  year =         "1995",
  keywords =     "horseshoe, mixing",
}

@Article{Chin95b,
  author =       "W. Chin and E. Ott and H. E. Nusse and C. Grebogi",
  title =        "Univeral behavior of impact oscillators near grazing
                 incidence",
  journal =      "Phys. Lett. A",
  volume =       "201",
  pages =        "197--204",
  year =         "1995",
  keywords =     "impact oscillator, grazing bifurcation, mechanical
                 engineering",
}

@Article{Chin94,
  author =       "Wai Chin and E. Ott and H. E. Nusse and C. Grebogi",
  title =        "Grazing bifurcations in impact oscillators",
  journal =      "Phys. Rev. E",
  volume =       "50",
  number =       "6",
  pages =        "4427--4428",
  year =         "1994",
  keywords =     "impact oscillator, bifurcation",
}

@Article{Ding93,
  author =       "M. Ding and C. Grebogi and E. Ott and T. Sauer and J.
                 A. Yorke",
  title =        "Plateau Onset of Correlation Dimension: When Does it
                 Occur?",
  journal =      "Phys. Rev. Lett.",
  volume =       "70",
  pages =        "3872--3875",
  year =         "1993",
}

@Article{Ding92,
  author =       "M. Ding and C. Grebogi and E. Ott and T. Sauer and J.
                 A. Yorke",
  title =        "Estimating correlation dimension from a chaotic time
                 series: When does plateau onset occur?",
  journal =      "Physica D",
  pages =        "404--424",
  year =         "1992",
  keywords =     "data analysis, correlation dimension, data
                 requirement",
}

@Article{Ding94a,
  author =       "M. Ding and E. Ott",
  title =        "Enhancing synchronism of chaotic systems",
  journal =      "Phys. Rev. E",
  volume =       "49",
  pages =        "945--948",
  year =         "1994",
  keywords =     "synchronizing, communications engineering",
}

@Article{Ding94b,
  author =       "M. Ding and E. Ott and C. Grebogi",
  title =        "Controlling chaos in a temporally irregular
                 environment",
  journal =      "Physica D",
  volume =       "74",
  pages =        "386--394",
  year =         "1994",
  keywords =     "controlling chaos, irregular environment, ships
                 capsizing, c+",
}

@Article{Ding94c,
  author =       "M. Ding and E. Ott and C. Grebogi",
  title =        "Crisis control: preventing chaos-induced capsizing of
                 a ship",
  journal =      "Phys. Rev. E",
  volume =       "50",
  number =       "5",
  pages =        "4228--4230",
  year =         "1994",
  keywords =     "naval engineering, controlling chaos, crisis",
}

@Article{Ding94e,
  author =       "Mingzhou Ding and E. Ott",
  title =        "Enhancing synchronism of chaotic systems",
  journal =      "Phys. Rev. E",
  volume =       "49",
  number =       "2",
  pages =        "945--958",
  year =         "1994",
}

@Article{Hayes93a,
  author =       "S. Hayes and C. Grebogi and E. Ott",
  title =        "Communicating with chaos",
  journal =      "Phys. Rev. Lett.",
  volume =       "70",
  pages =        "3031--3034",
  year =         "1993",
  keywords =     "signal processing",
}

@Article{Hayes94,
  author =       "S. Hayes and C. Grebogi and E. Ott and A. Mark",
  title =        "Experimental control of chaos for communication",
  journal =      "Phys. Rev. Lett.",
  volume =       "73",
  pages =        "1781--1784",
  year =         "1994",
  keywords =     "controlling chaos, experimental",
}

@Article{Hunt96a,
  author =       "B. R. Hunt and E. Ott",
  title =        "Optimal periodic orbits of chaotic systems",
  journal =      "Phys. Rev. Lett.",
  volume =       "76",
  number =       "13",
  pages =        "2254--2257",
  year =         "1996",
  keywords =     "ergodic, periodic orbit, chaotic attractor,
                 controlling chaos, riddled basin",
}

@Article{Kostelich93c,
  author =       "E. Kostelich and C. Grebogi and E. Ott and J. A.
                 Yorke",
  title =        "Higher-dimensional targeting",
  journal =      "Phys. Rev. E",
  volume =       "47",
  pages =        "305--310",
  year =         "1993",
  keywords =     "controlling chaos, targeting",
}
