
@Article{Pawelzik87,
  author =       "K. Pawelzik and H. G. Schuster",
  title =        "Generalized dimensions and entropies from a measured
                 time series",
  journal =      "Phys. Rev. A",
  volume =       "35",
  pages =        "481",
  year =         "1987",
  keywords =     "data analysis, dimension, entropy",
}

@Article{A90,
  author =       " Chennanoui A and K. Pawelzik and H. G. Schuster",
  title =        "Attractor reconstruction from filtered chaotic time
                 series",
  journal =      "Phys. Rev. A",
  volume =       "41",
  pages =        "4151",
  year =         "1990",
  keywords =     "data analysis, filtering",
}

@Article{Liebert91,
  author =       "W. Liebert and K. Pawelzik and H. G. Schuster",
  title =        "Optimal embeddings of chaotic attractors from
                 topological considerations",
  journal =      "Europhys. Lett.",
  volume =       "14",
  pages =        "521",
  year =         "1991",
  keywords =     "topology, attractor, chaotic, topological",
}

@Book{Pawelzik91,
  author =       "K. Pawelzik",
  title =        "Nichtlineare Dynamik und Hirnaktivit{\"a}t",
  publisher =    "Harri Deutsch",
  address =      "Frankfurt M.",
  year =         "1991",
  keywords =     "medical, neural, brain",
}

@Article{Pawelzik91a,
  author =       "K. Pawelzik and H. G. Schuster",
  title =        "Unstable periodic orbits and prediction",
  journal =      "Phys. Rev. A",
  volume =       "43",
  pages =        "1808--1812",
  year =         "1991",
  keywords =     "prediction",
}

@Article{Buzug94a,
  author =       "Th. Buzug and K. Pawelzik and J. von Stamm and G.
                 Pfister",
  title =        "Mutual information and global strange attractors in
                 Taylor-Couette flow",
  journal =      "Physica D",
  volume =       "72",
  pages =        "343--350",
  year =         "1994",
  keywords =     "data analysis, Taylor-Couette, mutual information,
                 correlation estimation, experimental, c+",
}

@Article{Ernst95,
  author =       "U. Ernst and K. Pawelzik and T. Geisel",
  title =        "Synchronization induced by temporal delays in
                 pulse-coupled oscillators",
  journal =      "Phys. Rev. Lett.",
  volume =       "74",
  number =       "9",
  pages =        "1570--1573",
  year =         "1995",
  keywords =     "synchronizing oscillators, coupled systems",
}
