
@incollection{Takens80,
   author    = {F. Takens},
   title     = {Detecting strange attractors in turbulence},
   booktitle = {Dynamical Systems and Turbulence (Warwick 1980)
       (Lecture Notes in Mathematics)},
   year      = {1980},
   editor    = {D. A. Rand and L.-S. Young},
   publisher = {Springer-Verlag},
   address   = {Berlin},
   pages     = {366--381},
   volume    = {898},
   keywords  = {reconstruction, data analysis, turbulence,
       (fundamental)}
}

@article{Newhouse83a,
   author    = {Sh. Newhouse and J. Palis and F. Takens},
   title     = {Bifurcations and stability of families of
       diffeomorphisms},
   journal   = {Inst. Haut Etudes Sci. Publ. Math.},
   year      = {1983},
   volume    = {57},
   pages     = {5--71},
   keywords  = {bifurcation}
}

@article{Takens83,
   author    = {F. Takens},
   title     = {Invariants related to dimensions and entropy},
   journal   = {Atas do 13. Coloquio Brasileiro de Matemat.},
   year      = {1983},
   publisher = {IMPA},
   keywords  = {dimension, entropy, invariant, c+}
}

@InCollection{Takens85,
  author =       "F. Takens",
  editor =       "G. I. Barenblatt and G. Ioss and D. Joseph",
  title =        "Distinguishing deterministic and random systems",
  booktitle =    "Nonlinear dynamics and turbulence",
  publisher =    "Pitman",
  address =      "Boston",
  year =         "1985",
  keywords =     "system identification, deterministic model, stochastic
                 model, random, test for chaos",
}

@InCollection{Takens85a,
  author =       "F. Takens",
  editor =       "B. L. J. Braaksma and H. W. Broer and F. Takens",
  title =        "On the numerical determination of the dimension of an
                 attractor",
  booktitle =    "Dynamical systems and bifurcations, Groningen 1984
                 (Lecture Notes in Mathematics)",
  volume =       "1125",
  pages =        "99--106",
  publisher =    "Springer-Verlag",
  address =      "Berlin",
  year =         "1985",
  keywords =     "attractor, bifurcation, dimension",
}

@Article{Diks95,
  author =       "C. Diks and J. C. van Houwelingen and F. Takens and J.
                 DeGoede",
  title =        "Reversibility as a criterion for discriminating time
                 series",
  journal =      "Phys. Lett. A",
  volume =       "210",
  number =       "2-3",
  pages =        "221--228",
  year =         "1995",
  keywords =     "reversibility, data analysis",
}

@Book{Palis93,
  author =       "J. Palis and F. Takens",
  title =        "Hyperbolicity and sensitive chaotic dynamics at
                 homoclinic bifurcatons; Fractal dimensions and
                 infinitely many atrractors",
  publisher =    "Cambridge Univ. Press",
  address =      "Cambridge",
  year =         "1993",
  keywords =     "mathematical, (monograph)",
}

@Article{Schouten94,
  author =       "J. C. Schouten and F. Takens and C. M. van den Bleek",
  title =        "Estimation of the dimension of a noisy attractor",
  journal =      "Phys. Rev A",
  volume =       "50",
  pages =        "1851--1861",
  year =         "1994",
  keywords =     "strange attractor, time series, noise, engineering",
}

@Article{Schouten94a,
  author =       "J. C. Schouten and F. Takens and C. M. van den Bleck",
  title =        "Maximum-likelihood estimation of the entropy of an
                 attractor",
  journal =      "Phys. Rev. E",
  volume =       "49",
  number =       "1",
  pages =        "129--129",
  year =         "1994",
}

@Article{Takens95,
  author =       "F. Takens",
  title =        "Reduction entropy",
  journal =      "Int. J. of Bifurcation and Chaos",
  volume =       "5",
  number =       "2",
  pages =        "585--593",
  year =         "1995",
  keywords =     "entropy, reduction entropy, sensitive dependence",
}

@Article{Newhouse78,
  author =       "S. E. Newhouse and David Ruelle and F. Takens",
  title =        "Occurrence of strange axiom {A} attractors near
                 quasi-periodic flows on Tm (m = 3 or more)",
  journal =      "Commun. Math. Phys.",
  volume =       "64",
  pages =        "35--40",
  year =         "1978",
  keywords =     "strange attractor, axiom A, torus",
}

@Article{Ruelle71,
  author =       "D. Ruelle and F. Takens",
  title =        "Note Concerning our Paper : On the Nature of
                 Turbulence",
  journal =      "Commun. Math. Phys.",
  volume =       "23",
  pages =        "343--344",
  year =         "1971",
  keywords =     "turbulence",
}

@Article{Ruelle71a,
  author =       "D. Ruelle and F. Takens",
  title =        "On the nature of turbulence",
  journal =      "Comm. Math. Phys.",
  volume =       "20",
  pages =        "167--192",
  year =         "1971",
  keywords =     "(Hao Bai-Lin)",
}

@Article{Takens74,
  author =       "F. Takens",
  title =        "Singularities of vector fields",
  journal =      "Publ. Math. IHES",
  volume =       "43",
  pages =        "47--58",
  year =         "1974",
}
