
@Article{Theiler87,
  author =       "J. Theiler",
  title =        "Efficient algorithm for estimating the correlation
                 dimension from a set of discrete points",
  journal =      "Phys. Rev. A",
  volume =       "36",
  pages =        "4456--4473",
  year =         "1987",
  keywords =     "correlation dimension, computational",
}

@Article{Theiler86,
  author =       "J. Theiler",
  title =        "Spurious dimensions from correlation algorithms
                 applied to limited time-series data",
  journal =      "Phys. Rev. A",
  volume =       "34",
  pages =        "2427--2432",
  year =         "1986",
  keywords =     "system identification, dimension, correlation, test
                 for chaos, c+",
}

@Article{Theiler88,
  author =       "J. Theiler",
  title =        "Lacunarity in a best estimator of fractal dimension",
  journal =      "Phys. Lett. A",
  volume =       "133",
  pages =        "195--200",
  year =         "1988",
  keywords =     "lacunarity, Takens, correlation dimension, c+",
}

@PhdThesis{Theiler88a,
  author =       "J. Theiler",
  title =        "Quantifying chaos: Practical Estimation of the
                 Correlation Dimension",
  school =       "Caltech",
  type =         "Ph.{D}. Thesis",
  year =         "1988",
  keywords =     "surrogate data, system identification",
}

@Article{Theiler91,
  author =       "J. Theiler",
  title =        "Some comments on the correlation dimension of
                 1/f-alpha noise.",
  journal =      "Phys. Lett. A",
  volume =       "155",
  pages =        "480--493",
  year =         "1991",
  keywords =     "system identification, correlation dimension, noise,
                 test for chaos, c+",
}

@Article{Theiler90,
  author =       "J. Theiler",
  title =        "Estimating fractal dimensions",
  journal =      "J. Opt. Soc. Am. A",
  volume =       "7",
  pages =        "1055--1073",
  year =         "1990",
  keywords =     "Dimension, Fractal, Grassberger, Takens, Data
                 Analysis, c+",
}

@Article{Theiler90a,
  author =       "J. Theiler",
  title =        "Statistical precision of dimension estimators",
  journal =      "Phys. Rev. A",
  volume =       "41",
  pages =        "3038--3051",
  year =         "1990",
  keywords =     "Correlation Dimension, Grassberger, data analysis,
                 Takens, c+",
}

@Article{Theiler91a,
  author =       "J. Theiler and G. Mayer-Kress and J. Kadtke",
  title =        "Chaotic attractors of a locally conservative
                 hyperbolic map with overlap",
  journal =      "Physica D",
  volume =       "48",
  pages =        "425--441",
  year =         "1991",
  keywords =     "chaotic attractor, hyperbolic, map",
}

@InProceedings{Hunter92a,
  author =       "N. F. Hunter and J. Theiler",
  editor =       "S. Vohora and M. Spano and M. Schlesinger and L.
                 Pecora and W. Ditto",
  title =        "Characterization of nonlinear input-output systems
                 using time series analysis",
  booktitle =    "Proceedings of the 1st Experimental Chaos Conference",
  pages =        "54--60",
  publisher =    "World Scientific",
  address =      "Singapore",
  year =         "1992",
  keywords =     "data analysis, time series, model, c+",
}

@Article{Prichard95,
  author =       "D. Prichard and J. Theiler",
  title =        "Generalized redundancies for time series analysis",
  journal =      "Physica D",
  volume =       "84",
  pages =        "476--493",
  year =         "1995",
  keywords =     "data analysis, nonlinear statistics, BDS-test,
                 redundancies",
}

@Article{Prichard94a,
  author =       "D. Prichard and J. Theiler",
  title =        "Generating surrogate data for time series with several
                 simultaneously measured variables",
  journal =      "Phys. Rev. Lett.",
  volume =       "73",
  pages =        "951--954",
  year =         "1994",
  keywords =     "system identification, data analysis, surrogate data,
                 test for chaos, multivariate time series, c+",
}

@TechReport{Prichard94b,
  author =       "D. Prichard and J. Theiler",
  title =        "Multivariate surrogate data",
  institution =  "Los Alamos National Laboratory",
  type =         "Technical Report",
  number =       "LA-UR-94-0677",
  address =      "Los Alamos",
  year =         "1994",
  keywords =     "system identification, data analysis, surrogate data,
                 test for chaos, multivariate",
}

@Article{Theiler95,
  author =       "J. Theiler",
  title =        "On the evidence for low-dimensional chaos in an
                 epileptic electroencephalogram",
  journal =      "Phys. Lett. A",
  volume =       "196",
  pages =        "335--341",
  year =         "1995",
  keywords =     "medical, psychiatry, epilepsy, EEG, surrogate data",
}

@Article{Theiler94,
  author =       "J. Theiler",
  title =        "Two tools to test time series data for evidence of
                 chaos and/or nonlinearity",
  journal =      "Integr. Physiol. Behav. Sci.",
  volume =       "29",
  number =       "3",
  pages =        "211--216",
  year =         "1994",
  keywords =     "data analysis, system identification",
}

@InCollection{Theiler92,
  author =       "J. Theiler",
  editor =       "Lui Lam and V. Naroditsky",
  title =        "Application of a mean field approximation to two
                 systems that exhibit self-organized criticality",
  booktitle =    "Modeling complex phenomena",
  pages =        "221--228",
  publisher =    "Springer-Verlag",
  address =      "Berlin",
  year =         "1992",
  keywords =     "mean-field, self-organization",
}

@Article{Theiler93,
  author =       "J. Theiler and S. Eubank",
  title =        "Don't bleach chaotic data",
  journal =      "Chaos",
  volume =       "3",
  pages =        "771--782",
  year =         "1993",
  keywords =     "data analysis, chaotic, nonlinear, test for
                 nonlinearity, c+",
}

@TechReport{Theiler92a,
  author =       "J. Theiler and S. Eubank",
  title =        "Don't bleach chaotic data",
  institution =  "Center for Nonlinear Studies, Los Alamos National
                 Laboratory",
  type =         "Tech. Rep.",
  number =       "LA-UR-92-1575",
  address =      "Los Alamos",
  year =         "1992",
  keywords =     "data analysis, chaotic, nonlinear, test for
                 nonlinearity, c+",
}

@Article{Theiler92b,
  author =       "J. Theiler and S. Eubank and A. Longtin and B.
                 Galdrikian and J. D. Farmer",
  title =        "Testing for nonlinearity in time series: the method of
                 surrogate data",
  journal =      "Physica D",
  volume =       "58",
  pages =        "77--94",
  year =         "1992",
  keywords =     "system identification, test for chaos, surrogate data,
                 Time Series, Correlation Dimension, Surrogate Data Data
                 Analysis, c+",
}

@InProceedings{Theiler92c,
  author =       "J. Theiler and B. Galdrikian and A. Longtin and S.
                 Eubank and J. D. Farmer",
  editor =       "S. Vohra and M. Spano and M. Schlesinger and L. Pecora
                 and W. Ditto",
  title =        "Detecting nonlinear structure in time series",
  booktitle =    "Proc. of the 1st experimental Chaos Conference",
  pages =        "47--53",
  publisher =    "World Scientific",
  address =      "Singapore",
  year =         "1992",
  keywords =     "system identification, data analysis, chaos,
                 experiment, nonlinear, test for chaos, time series,
                 surrogate data, c+",
}

@InProceedings{Theiler92d,
  author =       "J. Theiler and B. Galdrikian and A. Longtin and S.
                 Eubank and J. D. Farmer",
  editor =       "M. Casdagli and S. Eubank",
  title =        "Using surrogate data to detect nonlinearity in time
                 series",
  booktitle =    "Nonlinear modeling and forecasting. Proceedings of the
                 workshop held September, 1990, in Santa Fe, New
                 Mexico",
  pages =        "163--188",
  publisher =    "Addison Wesley",
  address =      "Reading Mass.",
  year =         "1992",
  keywords =     "system identification, data analysis, embedding,
                 model, nonlinear, test for chaos, time series,
                 surrogate data, c+",
}

@InCollection{Theiler93a,
  author =       "J. Theiler and P. S. Linsay and D. M. Rubin",
  editor =       "A. S. Weigend and N. A. Gershenfeld",
  title =        "Detecting nonlinearity in data with long coherence
                 times",
  booktitle =    "Time series prediction: Forecasting the future and
                 understanding the past",
  pages =        "429--455",
  publisher =    "Addison Wesley",
  address =      "Reading Mass.",
  year =         "1993",
  keywords =     "system identification, data analysis, prediction,
                 nonlinear, surrogate data, test for chaos, time series
                 , C+",
}

@Article{Theiler93b,
  author =       "J. Theiler and T. Lookman",
  title =        "Statistical error in a chord estimator of correlation
                 dimension: The {"}Rule of Five{"}",
  journal =      "Int. J. of Bifurcation and Chaos",
  volume =       "3",
  number =       "3",
  pages =        "765--771",
  year =         "1993",
  keywords =     "data analysis, correlation dimension, c+",
}

@Article{Theiler95a,
  author =       "J. Theiler and L. A. Smith",
  title =        "Anomalous convergence of {L}yapunov exponent
                 estimates",
  journal =      "Phys. Rev. E",
  volume =       "51",
  number =       "4",
  pages =        "3738--3741",
  year =         "1995",
  keywords =     "Lyapunov exponent, logistic map, estimation",
}
