@STRING( copied = "1" )
@STRING( notcopied = "4" )
@STRING( coping = "2" )
@STRING( nothing = "0" )
@STRING( read = "4" )
@STRING( incomplete = "2" )
@STRING( complete = "1" )
@STRING( worthless = "3" )
@STRING( notitle = "Keine Ahnung ???" )


@book{Ott94,
   title     = {Coping with chaos; Analysis of chaotic data and the exploitation of chaotic systems},
   year      = {1994},
   editor    = {E. Ott and  T. Sauer and  J. A. Yorke},
   publisher = {Wiley \& Sons Inc.},
   address   = {New York}
}


@article{Albano-muench,
   author    = {A. M. Albano and  J. Muench and C. Schwartz and A. I. Mees and P. E. Rapp},
   title     = {Singular value decomposition and the Grassberger-Procaccia algorithm},
   journal   = {Phys. Rev. A},
   year      = {1988},
   volume    = {38},
   pages     = {3017--3026},
   copystate = coping 
}


@book{Arnold68,
   author    = {V. I. Arnold and A. Avez},
   title     = {Ergodic problems of classical mechanics},
   year      = {1968},
   publisher = {Benjamin},
   address   = {New York}
}


@article{Badii-politi,
   author    = {R. Badii and G. Broggi and B. Derighetti and M. Ravani and S. Ciliberti and A. Politi and M. A. Rubio},
   title     = {Dimension increase in filtered chaotic signals},
   journal   = {Phys. Rev. Lett.},
   year      = {1988},
   volume    = {60},
   number    = {11},
   pages     = {979--982},
   copystate = copied,
   workstate = nothing 
}


@article{Badii85,
   author    = {R. Badii and A. Politi},
   title     = {Statistical description of chaotic attractors: the
       dimension function},
   journal   = {J. Stat. Phys.},
   year      = {1985},
   volume    = {40},
   pages     = {725--750}
}


@article{Banks92,
   author    = {J. Banks and J. Brooks and G. Cairns and P. Stacey},
   title     = {On Devaney's definition of chaos},
   journal   = {Amer. Math. Monthly},
   year      = {1992},
   volume    = {99},
   pages     = {332--334}
}


@article{Broggi88,
   author    = {G. Broggi},
   title     = {Evaluation of dimensions and entropies of chaotic systems},
   journal   = {J. Opt. Soc.},
   year      = {1988},
   month     = {May},
   volume    = {5},
   number    = {5},
   pages     = {1020--1028}
}


@article{Broomhead-king,
   author    = {D. S. Broomhead and G. P. King},
   title     = {Extracting qualitative dynamics from experimental data},
   journal   = {Physica D},
   year      = {1986},
   volume    = {20},
   pages     = {217--236},
   copystate = coping,
   workstate = incomplete 
}


@book{Buzug94,
   author    = {T. Buzug},
   title     = {Analyse chaotischer Systeme},
   year      = {1994},
   publisher = {BI-Wiss.-Verl.},
   address   = {Mannheim, Leipzig}
}


@article{Buzug90a,
   author    = {T. Buzug and T. Reimers and G. Pfister},
   title     = {Optimal reconstruction of strange attractors from purely geometrical arguments.},
   journal   = {Europhys. Lett.},
   year      = {1990},
   volume    = {13},
   pages     = {605--610}
}


@article{Chennaoui,
   author    = {A. Chennaoui and K. Pawelzik and  W. Liebert and H. G. Schuster and G. Pfister},
   title     = {Attractor reconstruction from filtered chaotic time series},
   journal   = {Phys. Rev. A},
   year      = {1990},
   month     = apr,
   volume    = {41},
   number    = {8},
   pages     = {4151--4159},
   copystate = copied 
}


@book{Chung79,
   author    = {K. L. Chung},
   title     = {Elementary probability theory with stochastic processes},
   year      = {1979},
   publisher = {Springer-Verlag},
   address   = {New York}
}


@article{Cohen-procaccia,
   author    = {A. Cohen and I. Procaccia},
   title     = {Computing the Kolmogorov entropy from time signals of dissipative and conservative dynamical systems},
   journal   = {Phys. Rev. A},
   year      = {1985},
   volume    = {31},
   pages     = {1872--1882},
   copystate = copied 
}


@article{Dechert-gencay,
   author    = {W. D. Dechert and R. Gen\c{c}ay},
   title     = {The topological invariance of Lyapunov exponents in embedded dynamics},
   journal   = {Physica D},
   year      = {1996},
   volume    = {90},
   pages     = {40--45},
   references = {2},
   copystate = copied 
}


@article{Ding-grebogi,
   author    = {M. Ding and C. Grebogi and E. Ott and T.Sauer and J. A. Yorke},
   title     = {Plateau onset for correlation dimension: when does it occur ?},
   journal   = {Phys. Rev. Lett.},
   year      = {1993},
   volume    = {70},
   pages     = {3872--3875},
   copystate = coping 
}


@article{Eckmann-ruelle,
   author    = {J.-P. Eckmann and D. Ruelle},
   title     = {Ergodic theory of chaos and strange attractors},
   journal   = {Rev. of Modern Physics},
   year      = {1985},
   month     = jul,
   volume    = {57},
   number    = {3},
   pages     = {617--656},
   copystate = copied,
   workstate = nothing 
}


@article{Eckmann-ruelle2,
   author    = {J.-P. Eckmann and D. Ruelle},
   title     = {Fundamental limitations for estimating dimensions and Lyapunov exponents in dynamical systems},
   journal   = {Physica D},
   year      = {1992},
   volume    = {56},
   pages     = {185--187},
   copystate = coping 
}


@article{Eckmann-procaccia,
   author    = {J. P. Eckmann and I. Procaccia},
   title     = {Fluctuations of dynamical scaling indices in nonlinear systems},
   journal   = {Phys. Rev. A},
   year      = {1986},
   volume    = {34},
   pages     = {659--661},
   note      = {see paw-schuster},
   copystate = copied 
}


@book{Falconer93,
   author    = {K. J. Falconer},
   title     = {Fraktale Geometrie},
   year      = {1993},
   publisher = {Spektrum Akademischer Verlag},
   address   = {Heidelberg, Berlin, Oxford}
}


@article{Farmer-ott-yorke,
   author    = {J. Doyne Farmer and Edward Ott and James A. Yorke},
   title     = {The dimension of chaotic attractors},
   journal   = {Physica D},
   year      = {1983},
   volume    = {7},
   pages     = {153--180},
   copystate = copied 
}


@article{Fraedrich-wang,
   author    = {K. Fraedrich and R. Wang},
   title     = {Estimating the correlation dimension of an attractor from noisy and small datasets based on re-embedding},
   journal   = {Physica D},
   year      = {1993},
   volume    = {65},
   pages     = {373--398},
   copystate = copied 
}


@article{Fraser,
   author    = {A. M. Fraser},
   title     = {Reconstructing attractors from scalar time series: a comparison of singular system and redundancy criteria},
   journal   = {Physica D},
   year      = {1989},
   volume    = {34},
   pages     = {391--404},
   copystate = copied 
}


@article{Fraser-swinney,
   author    = {A. M. Fraser and H. L. Swinney},
   title     = {Independent coordinates for strange attractors from mutual information},
   journal   = {Phys. Rev. A},
   year      = {1985},
   month     = jul,
   volume    = {33},
   number    = {2},
   pages     = {1134--1140},
   copystate = copied,
   workstate = incomplete 
}


@book{Gleick87,
   author    = {J. Gleick},
   title     = {Chaos -- Making a new science},
   year      = {1987},
   publisher = {Viking},
   address   = {New York}
}


@incollection{Grassberger86b,
   author    = {P. Grassberger},
   title     = {Estimating the fractal dimensions and entropies of
       strange attractors},
   booktitle = {Chaos},
   year      = {1986},
   editor    = {A. V. Holden},
   publisher = {University Press},
   address   = {Manchester},
   pages     = {291}
}


@article{Grassberger88,
   author    = {P. Grassberger},
   title     = {Finite sample corrections to entropy and dimension
       estimates},
   journal   = {Phys. Lett. A},
   year      = {1988},
   volume    = {128},
   pages     = {369--373}
}


@article{Grassberger-procaccia,
   author    = {P. Grassberger and I. Procaccia},
   title     = {Characterization of strange attractors},
   journal   = {Phys. Rev. Lett.},
   year      = {1983},
   month     = jan,
   volume    = {50},
   number    = {5},
   pages     = {346--349},
   copystate = copied 
}


@article{Grassberger-procaccia2,
   author    = {P. Grassberger and I. Procaccia},
   title     = {Estimation of the Kolmogorov entropy from a chaotic signal},
   journal   = {Phys. Rev. A},
   year      = {1983},
   month     = oct,
   volume    = {28},
   number    = {4},
   pages     = {2591--2593},
   copystate = copied 
}


@article{Havstad-ehlers,
   author    = {J. W. Havstad and C. L. Ehlers},
   title     = {Attractor dimension of nonstationary dynamical systems from small data sets},
   journal   = {Phys. Rev. A},
   year      = {1989},
   month     = jan,
   volume    = {39},
   number    = {2},
   pages     = {845--853},
   copystate = copied 
}


@article{Hentschel-procaccia,
   author    = {H. G. E. Hentschel and I. Procaccia},
   title     = {The infinite number of generalized dimensions of fractals and strange attractors},
   journal   = {Physica D},
   year      = {1983},
   volume    = {8},
   pages     = {435--444},
   note      = {see paw-schuster},
   copystate = copied 
}


@article{Hilborn-ding,
   author    = {R. C. Hilborn and M. Ding},
   title     = {Optimal reconstruction space for estimating correlation dimension},
   journal   = {Int. J. Bifurcation and Chaos},
   year      = {1996},
   volume    = {6},
   number    = {2},
   pages     = {377--381},
   references = 1,
   copystate = copied 
}


@article{Hoch96,
   author    = {B. Hoch and E. Bergmann},
   title     = {Fr{"u}geborenenapnoe, S{"a}uglingsapnoe und periodische Atmung},
   journal   = {P{"a}diat. Prax.},
   year      = {1996},
   volume    = {51},
   pages     = {217--224}
}


@misc{Junglas,
   author    = {B. Junglas},
   title     = {Private Kommunikation}
}


@book{Kantz97,
   author    = {H. Kantz and T. Schreiber},
   title     = {Nonlinear time series analysis},
   year      = {1997},
   publisher = {Cambridge},
   volume    = { }
}


@article{Kaplan-glass,
   author    = {D. T. Kaplan and L. Glass},
   title     = {Direct test for determinism in a time series},
   journal   = {Phys. Rev. Lett.},
   year      = {1992},
   month     = jan,
   volume    = {68},
   number    = {4},
   pages     = {427--430},
   copystate = copied 
}


@book{Kaplan95,
   author    = {D. T. Kaplan and L. Glass},
   title     = {Understanding nonlinear dynamics},
   year      = {1995},
   publisher = {Springer Verlag},
   address   = {Berlin, Heidelberg, New York, Tokyo},
   series    = { }
}


@article{Kennel92,
   author    = {M. B. Kennel and R. Brown and H. D. I. Abarbanel},
   title     = {Determining embedding dimension for phase-space
       reconstruction using a geometrical construction},
   journal   = {Phys. Rev. A},
   year      = {1992},
   volume    = {45},
   pages     = {3403--3411}
}


@article{Kennel92b,
   author    = {M. B. Kennel and S. Isabelle},
   title     = {Method to distinguish chaos from colored noise and to
       determine embedding parameters},
   journal   = {Phys. Rev. A},
   year      = {1992},
   volume    = {46},
   pages     = {3111--3118},
   keywords  = {system identification, noise, data analysis, test for
       chaos, surrogate data, embedding dimension, computing}
}


@article{Kostelich-swinney,
   author    = {E. J. Kostelich and H. L. Swinney},
   title     = {Practical considerations in estimating dimension from time series data},
   journal   = {Physica Scripta},
   year      = {1989},
   volume    = {40},
   pages     = {436--441},
   copystate = copied 
}


@book{Leven89,
   author    = {R. W. Leven and B.-P. Koch and B. Pompe},
   title     = {Chaos in dissipativen Systemen},
   year      = {1989},
   publisher = {Akademie-Verlag},
   address   = {Berlin}
}


@book{Liebert91,
   author    = {W. Liebert},
   title     = {Chaos und Herzdynamik},
   year      = {1991},
   publisher = {Harri Deutsch},
   address   = {Frankfurt M.}
}


@article{Liebert89,
   author    = {W. Liebert and H. G. Schuster},
   title     = {Proper choice of the time delay for the analysis of
       chaotic time series},
   journal   = {Phys. Lett. A},
   year      = {1989},
   volume    = {142},
   number    = {2-3},
   pages     = {107--111}
}


@article{Lorenz63,
   author    = {E. N. Lorenz},
   title     = {Deterministic nonperiodic flow},
   journal   = {J. Atmos. Sci.},
   year      = {1963},
   volume    = {20},
   pages     = {130--141}
}


@book{Lueke92,
   author    = {H. D. L{"u}ke},
   title     = {Signal{"u}bertragung},
   year      = {1992},
   publisher = {Springer-Verlag},
   address   = {Berlin, Heidelberg, New York}
}


@book{Maibaum76,
   author    = {G. Maibaum},
   title     = {Wahrscheinlichkeitstheorie und mathematische Statistik},
   year      = {1976},
   publisher = {VEB Deutscher Verlag der Wissenschaften},
   address   = {Berlin}
}


@book{Mandelbrot82,
   author    = {B. Mandelbrot},
   title     = {The fractal geometry of nature},
   year      = {1982},
   publisher = {Freeman},
   address   = {San Francisco}
}


@article{Marzocchi,
   author    = {W. Marzocchi and F. Mulargia and G. Gonzato},
   title     = {Detecting low-di\-men\-sional chaos in time series of finite length generated from discrete parameter processes},
   journal   = {Physica D},
   year      = {1996},
   volume    = {90},
   pages     = {31--39},
   copystate = copied 
}


@article{Mees87,
   author    = {A. I. Mees and P. E. Rapp and L. S. Jennings},
   title     = {Singular value decomposition and embedding dimension},
   journal   = {Phys. Rev. A},
   year      = {1987},
   volume    = {36},
   number    = {1},
   pages     = {340--346}
}


@article{Mitschke,
   author    = {F. Mitschke},
   title     = {Acausal filters for chaotic signals},
   journal   = {Phys. Rev. A},
   year      = {1989},
   month     = sep,
   volume    = {41},
   number    = {2},
   pages     = {1169--1171},
   copystate = copied,
   workstate = incomplete 
}


@article{Nerenberg-essex,
   author    = {M. A. H. Nerenberg and C. Essex},
   title     = {Correlation dimension and systematic geometric effects},
   journal   = {Phys. Rev. A},
   year      = {1990},
   volume    = {42},
   pages     = {7065--7074},
   copystate = copied 
}


@article{Osborne89a,
   author    = {A. R. Osborne and A. Provenzale},
   title     = {Finite correlation dimension for stochastic systems
       with power-law spectra},
   journal   = {Physica D},
   year      = {1989},
   volume    = {35},
   pages     = {357--381}
}


@article{Packard80,
   author    = {N. H. Packard and J. P. Crutchfield and J. D. Farmer and R. S. Shaw},
   title     = {Geometry from a time series},
   journal   = {Phys. Rev. Lett.},
   year      = {1980},
   volume    = {45},
   pages     = {712--716},
   copystate = coping,
   workstate = read 
}


@book{Pawelzik91,
   author    = {K. Pawelzik},
   title     = {Nichtlineare Dynamik und Hirnaktivit{\"a}t},
   year      = {1991},
   publisher = {Harri Deutsch},
   address   = {Frankfurt M.}
}


@article{Pawelzik-schuster,
   author    = {K. Pawelzik and H. G. Schuster},
   title     = {Generalized dimensions and entropies from a measured time series},
   journal   = {Phys. Rev. A},
   year      = {1987},
   month     = jan,
   volume    = {35},
   number    = {1},
   pages     = {481},
   copystate = copied,
   workstate = incomplete 
}


@article{Pawelzik91a,
   author    = {K. Pawelzik and H. G. Schuster},
   title     = {Unstable periodic orbits and prediction},
   journal   = {Phys. Rev. A},
   year      = {1991},
   volume    = {43},
   pages     = {1808--1812}
}


@book{Peitgen92,
   author    = {H.-O. Peitgen and H. J{"u}rgens and D. Saupe},
   title     = {Chaos and fractals},
   year      = {1992},
   publisher = {Springer Verlag},
   address   = {New York}
}


@article{Pilgram94,
   author    = {B. Pilgram and W. Schappacher and W. N. L{"o}scher and G. Pfurtscheller},
   title     = {Application of the correlation integral to respiratory data of infants
       during REM sleep},
   journal   = {Biol. Cyber.},
   year      = {1995},
   volume    = {72},
   pages     = {543--551}
}


@article{Poets93,
   author    = {C. F. Poets},
   title     = {Apnoen bei Fr{"u}hgeborenen},
   journal   = {Mschr. Kinderheilk.},
   year      = {1993},
   volume    = {141},
   pages     = {558--566}
}


@book{Numerical-recipes,
   author    = {W. H. Press and B. Flannery and S. Teukolsky and W.
       Vetterling},
   title     = {Numerical recipes in {C}: The art of scientific
       computing},
   year      = {1988},
   publisher = {University Press},
   address   = {Cambridge}
}


@misc{Prichard-theiler,
   author    = {D. Prichard and J. Theiler},
   title     = {Generating surrogate data for time series with several simultaneously measured vaiables},
   year      = {1994},
   month     = mar,
   howpublished = {Nonlinear sciences e-Print Archieve},
   copystate = copied,
   workstate = read 
}


@misc{Prichard-theiler2,
   author    = {D. Prichard and J. Theiler},
   title     = {Generalized redundancies for time series analysis},
   year      = {1994},
   month     = may,
   howpublished = {Nonlinear sciences e-Print Archieve},
   copystate = copied 
}


@techreport{Prichard-theiler3,
   author    = {D. Prichard and J. Theiler},
   title     = {Constrained-realization Monte-Carlo method for hypothesis testing},
   institution = {Los Alamos National Laboratory},
   year      = {1995},
   month     = dec,
   address   = {Los Alamos},
   number    = {LA-UR-95-990},
   type      = {Technical Report},
   copystate = copied,
   workstate = read 
}


@article{Prichard94a,
   author    = {D. Prichard and J. Theiler},
   title     = {Generating surrogate data for time series with several
       simultaneously measured variables},
   journal   = {Phys. Rev. Lett.},
   year      = {1994},
   volume    = {73},
   pages     = {951--954}
}


@article{Prichard95,
   author    = {D. Prichard and J. Theiler},
   title     = {Generalized redundancies for time series analysis},
   journal   = {Physica D},
   year      = {1995},
   volume    = {84},
   pages     = {476--493}
}


@book{Pschyrembel,
   author    = {Pschyrembel},
   title     = {Klinisches W{"o}rterbuch},
   year      = {1994},
   publisher = {de Gruyter},
   address   = {New York}
}


@article{Raidl,
   author    = {A.  Raidl},
   title     = {Estimating the fractal dimension, {$K_2$}-entropy and the predictability of the atmosphere},
   journal   = {Czech. J. Phys.},
   year      = {1996},
   volume    = {46},
   pages     = {293--328},
   copystate = copied 
}


@article{Roessler76,
   author    = {O. E. R{"o}ssler},
   title     = {An equation for continuous chaos},
   journal   = {Phys. Lett. A},
   year      = {1976},
   volume    = {57},
   pages     = {397--398}
}


@article{Ruelle71a,
   author    = {D. Ruelle and F. Takens},
   title     = {On the nature of turbulence},
   journal   = {Comm. Math. Phys.},
   year      = {1971},
   volume    = {20},
   pages     = {167--192}
}


@article{Sauer91,
   author    = {T. Sauer and J. A. Yorke and M. Casdagli},
   title     = {Embedology},
   journal   = {J. Stat. Phys.},
   year      = {1991},
   month     = may,
   volume    = {65},
   number    = {3},
   pages     = {579--616},
   copystate = copied 
}


@book{Schuster88,
   author    = {H. G. Schuster},
   title     = {Deterministic chaos: An introduction},
   year      = {1988},
   publisher = {VCH},
   address   = {Weinheim},
   keywords  = {chaos, (introduction), (monograph)}
}


@article{Smith,
   author    = {L. A. Smith},
   title     = {Intrinsic limits on dimension calculation},
   journal   = {Phys. Lett. A},
   year      = {1988},
   volume    = {133},
   number    = {6},
   pages     = {283--288},
   copystate = notcopied 
}


@article{So96,
   author    = {P. So and E. Ott and S. J. Schiff and D. T. Kaplan and T. Sauer and C. Grebogi},
   title     = {Detecting unstable periodic orbits in chaotic experimental data},
   journal   = {Phys. Rev. Lett.},
   year      = {1996},
   volume    = {76},
   number    = {25},
   pages     = {4705--4708}
}


@incollection{Takens80,
   author    = {F. Takens},
   title     = {Detecting strange attractors in turbulence},
   booktitle = {Dynamical Systems and Turbulence},
   year      = {1980},
   editor    = {D. A. Rand and L.-S. Young},
   publisher = {Springer-Verlag},
   address   = {Berlin},
   pages     = {366--381},
   series    = {Springer Lecture Notes in Mathematics (Warwick 1980)},
   volume    = {898},
   copystate = copied 
}


@incollection{Takens85a,
   author    = {F. Takens},
   title     = {On the numerical determination of the dimension of an
       attractor},
   booktitle = {Dynamical systems and bifurcations, Groningen 1984
       (Lecture Notes in Mathematics)},
   year      = {1985},
   editor    = {B. L. J. Braaksma and H. W. Broer and F. Takens},
   publisher = {Springer-Verlag},
   address   = {Berlin},
   pages     = {99--106},
   volume    = {1125}
}


@article{Theiler,
   author    = {J. Theiler},
   title     = {Estimating fractal dimension},
   journal   = {J. Opt. Soc. Am. A},
   year      = {1990},
   month     = jun,
   volume    = {7},
   number    = {6},
   pages     = {1055--1073},
   copystate = copied,
   workstate = read 
}


@article{Theiler92b,
   author    = {J. Theiler and S. Eubank and A. Longtin and B.
       Galdrikian and J. D. Farmer},
   title     = {Testing for nonlinearity in time series: the method of
       surrogate data},
   journal   = {Physica D},
   year      = {1992},
   volume    = {58},
   pages     = {77--94},
   keywords  = {system identification, test for chaos, surrogate data,
       Time Series, Correlation Dimension, Surrogate Data Data
       Analysis, c+}
}


@misc{Vossschulte,
   author    = {P. Vo{"s}schulte},
   title     = {Private Kommunikation}
}


@article{Wienholt-sendhoff,
   author    = {W. Wienholt and B. Sendhoff},
   title     = {How to determine the redundancy of noisy chaotic time series},
   journal   = {Int. J. Bifurcation and Chaos},
   year      = {1996},
   volume    = {6},
   number    = {1},
   pages     = {101--117},
   copystate = copied 
}

@Article{Sammon93,
  author =       "M. Sammon and J. R. Romaniuk and E. N. Bruce",
  title =        "Bifurcations of the respiratory pattern associated
                 with reduced lung volume in the rat",
  journal =      "J. Appl. Physiol.",
  volume =       "75",
  number =       "2",
  pages =        "887--901",
  year =         "1993",
  keywords =     "biological, respiration, bifurcation,",
}
