
@incollection{Yorke81,
   author    = {J. A. Yorke and E. D. Yorke},
   title     = {Chaotic behavior and fluid dynamics},
   booktitle = {Hydrodynamic instabilities and transition to
       turbulence},
   year      = {1981},
   editor    = {J. D. Gollub and H. Swinney},
   publisher = {Springer-Verlag},
   address   = {Berlin},
   pages     = {77},
   keywords  = {chaotic, instabilities, transition, turbulence}
}

@incollection{Yorke81a,
   author    = {J. A. Yorke and E. D. Yorke},
   title     = {Chaotic behavior and hydrodynamics},
   booktitle = {Hydrodynamic instabilities and the transition to
       turbulence},
   year      = {1981},
   editor    = {J. D. Gollub and H. Swinney},
   publisher = {Springer-Verlag},
   address   = {Berlin},
   pages     = {112--122},
   keywords  = {chaotic, instabilities, transition, turbulence}
}

@article{Farmer83,
   author    = {J. D. Farmer and E. Ott and J. A. Yorke},
   title     = {The dimension of chaotic attractors},
   journal   = {Physica D},
   year      = {1983},
   volume    = {7},
   pages     = {153--180},
   keywords  = {fractal, attractor, chaotic, dimension, Lyapunov, c+}
}

@article{Frederickson83,
   author    = {P. Frederickson and J. L. Kaplan and E. D. Yorke and
       Yorke J. A.},
   title     = {The {L}yapunov dimension of strange attractors},
   journal   = {J. Diff. Eqns.},
   year      = {1983},
   volume    = {49},
   pages     = {185--207},
   keywords  = {Lyapunov, attractor, dimension, strange, strange
       attractor}
}

@article{Grebogi82,
   author    = {C. Grebogi and E. Ott and J. A. Yorke},
   title     = {Chaotic Attractors in Crisis},
   journal   = {Phys. Rev. Lett.},
   year      = {1982},
   volume    = {48},
   pages     = {1507--1510},
   keywords  = {crisis, theoretical, attractor, boundary crisis,
       interior crisis, chaotic, +Hao-I, c+}
}

@article{Grebogi83a,
   author    = {C. Grebogi and E. Ott and J. A. Yorke},
   title     = {Are three-frequency quasiperiodic orbits to be
       expected in typical nonlinear dynamical systems},
   journal   = {Phys. Rev. Lett.},
   year      = {1983},
   volume    = {51},
   pages     = {339},
   keywords  = {chaotic system, nonlinear}
}

@article{Grebogi83b,
   author    = {C. Grebogi and E. Ott and J. A. Yorke},
   title     = {Crisis, sudden changes in chaotic attractors, and
       transient chaos},
   journal   = {Physica D},
   year      = {1983},
   volume    = {7},
   pages     = {181--200},
   keywords  = {attractor, chaos, transient, H\'enon, stochastic
       crisis, c+}
}

@article{Grebogi83c,
   author    = {C. Grebogi and E. Ott and J. A. Yorke},
   title     = {Fractal basin boundaries, long-lived chaotic
       transients, and unstable-unstable pair bifurcation},
   journal   = {Phys. Rev. Lett.},
   year      = {1983},
   volume    = {50},
   pages     = {935--938},
   keywords  = {bifurcation, chaotic system, fractal, transient, basin
       boundary}
}

@Article{Grebogi84,
  author =       "C. Grebogi and E. Ott and S. Pelikan and J. A. Yorke",
  title =        "Strange attractors that are not chaotic",
  journal =      "Physica D",
  volume =       "13",
  pages =        "261--268",
  year =         "1984",
  keywords =     "attractor, chaotic, strange, strange attractor",
}

@Article{Grebogi85a,
  author =       "C. Grebogi and E. Ott and J. A. Yorke",
  title =        "Attractors on an {N}-torus. Quasiperiodicity versus
                 chaos",
  journal =      "Physica D",
  volume =       "15",
  pages =        "354--373",
  year =         "1985",
  keywords =     "attractor, chaos, torus",
}

@Article{Grebogi85b,
  author =       "C. Grebogi and E. Ott and J. A. Yorke",
  title =        "Structure and crisis for fractal basin boundaries",
  journal =      "Phys. Lett. A",
  volume =       "107",
  pages =        "51--54",
  year =         "1985",
  keywords =     "basin boundary, crisis, fractal",
}

@Article{Grebogi85c,
  author =       "C. Grebogi and E. Ott and J. A. Yorke",
  title =        "Super persistent chaotic transients",
  journal =      "Ergodic Theory \& Dynamical Systems",
  volume =       "5",
  pages =        "341",
  year =         "1985",
  keywords =     "chaotic, transient",
}

@Article{Ott84a,
  author =       "E. Ott and W. D. Withers and J. A. Yorke",
  title =        "Is the dimension of chaotic attractors invariant under
                 coordinate change?",
  journal =      "J. Stat. Phys.",
  volume =       "36",
  pages =        "687--697",
  year =         "1984",
  keywords =     "strange attractor, invariance, dimension, chaotic",
}

@Article{Ott85,
  author =       "E. Ott and E. D. Yorke and J. A. Yorke",
  title =        "A scaling law. How an attractor's volume depends on
                 noise level",
  journal =      "Physica D",
  volume =       "16",
  pages =        "62--78",
  year =         "1985",
  keywords =     "attractor, noise, scaling",
}

@Article{Yorke85,
  author =       "J. A. Yorke and C. Grebogi and E. Ott and L.
                 Tedeschini-Lalli",
  title =        "Scaling behavior of windows in dissipative dynamical
                 systems",
  journal =      "Phys. Rev. Lett.",
  volume =       "54",
  pages =        "1095",
  year =         "1985",
  keywords =     "scaling, periodic window",
}

@Article{Alligood87,
  author =       "K. T. Alligood and E. D. Yorke and J. A. Yorke",
  title =        "Why period-doubling cascades occur: period orbit
                 creation follwed by stability shedding",
  journal =      "Physica D",
  volume =       "28",
  pages =        "197",
  year =         "1987",
  keywords =     "period-doubling",
}

@InCollection{Caswell86,
  author =       "W. E. Caswell and J. A. Yorke",
  editor =       "G. Mayer-Kress",
  title =        "Invisible Errors in Dimension Calculations: Geometric
                 and Systematic Effects",
  booktitle =    "Dimensions and Entropies in Chaotic Systems,
                 Quantification of Complex Behavior (Springer Series in
                 Synergetics)",
  volume =       "32",
  pages =        "123--136",
  publisher =    "Springer-Verlag",
  address =      "Berlin",
  year =         "1986",
}

@Article{Grebogi87a,
  author =       "C. Grebogi and E. Ott and J. A. Yorke",
  title =        "Basin boundary metamorphoses: Changes in accessible
                 boundary orbits",
  journal =      "Physica D",
  volume =       "24",
  pages =        "243--262",
  year =         "1987",
  keywords =     "basin boundary, basin, c+",
}

@Article{Grebogi87b,
  author =       "C. Grebogi and E. Ott and J. A. Yorke",
  title =        "Chaos, strange attractors, and fractal basin
                 boundaries in nonlinear dynamics",
  journal =      "Science",
  volume =       "238",
  pages =        "632--638",
  year =         "1987",
  keywords =     "attractor, basin boundary, chaos, fractal, nonlinear,
                 strange attractor, (Hao Bai-Lin)I",
}

@InCollection{Grebogi87c,
  author =       "C. Grebogi and E. Ott and J. A. Yorke",
  editor =       "Y. S. Kim and W. W. Zachary",
  title =        "Fractal basin boundaries",
  booktitle =    "The Physics of Phase Space. Nonlinear Dynamics and
                 Chaos, Geometric Quantization, and Wigner Function
                 (Lecture Notes in Physics)",
  volume =       "278",
  pages =        "28--32",
  publisher =    "Springer-Verlag",
  address =      "Berlin",
  year =         "1987",
  keywords =     "basin boundary, fractal",
}

@Article{Grebogi87d,
  author =       "C. Grebogi and E. Ott and J. A. Yorke",
  title =        "Unstable periodic orbits and the dimension of chaotic
                 attractors",
  journal =      "Phys. Rev. A",
  volume =       "36",
  pages =        "3522--3524",
  year =         "1987",
}

@Article{Grebogi86a,
  author =       "C. Grebogi and E. Ott and J. A. Yorke",
  title =        "Critical exponent of chaotic transients in nonlinear
                 dynamical systems",
  journal =      "Phys. Rev. Lett.",
  volume =       "57",
  pages =        "1284--1287",
  year =         "1986",
  keywords =     "chaotic system, transient, nonlinear",
}

@Article{Grebogi86b,
  author =       "C. Grebogi and E. Ott and J. A. Yorke",
  title =        "Metamormphoses of basin boundaries in nonlinear
                 dynamical systems",
  journal =      "Phys. Rev. Lett.",
  volume =       "56",
  pages =        "1011--1014",
  year =         "1986",
  keywords =     "basin boundary, nonlinear",
}

@Article{Hammel87,
  author =       "S. M. Hammel and J. A. Yorke and C. Grebogi",
  title =        "Do numerical orbits of chaotic dynamical processes
                 represent true orbits?",
  journal =      "J. Compl.",
  volume =       "3",
  pages =        "136",
  year =         "1987",
  keywords =     "chaotic, orbit, shadowing, numerical",
}

@InCollection{Kaplan87,
  author =       "J. Kaplan and J. Yorke",
  editor =       "H. O. Peitgen and H. O. Walther",
  title =        "Chaotic behavior of multidimensional difference
                 equations",
  booktitle =    "Functional differential equations and approximation of
                 fixed points",
  publisher =    "Springer-Verlag",
  address =      "Heidelberg-New York",
  year =         "1987",
}

@Article{Kostelich87a,
  author =       "E. J. Kostelich and J. A. Yorke",
  title =        "{L}orenz cross sections of the chaotic attractor of
                 the double rotor",
  journal =      "Physica D",
  volume =       "24",
  pages =        "263",
  year =         "1987",
  keywords =     "Lorenz, attractor, chaotic",
}

@Article{Varosi87,
  author =       "Frank Varosi and Celso Grebogi and James A. Yorke",
  title =        "Simplicial Approximation of {P}oincar\'e Maps of
                 Differential Equations",
  journal =      "Phys. Lett. A",
  volume =       "124",
  pages =        "59--64",
  year =         "1987",
  keywords =     "map, simplex, dimension, Poincar\'e",
}

@Article{Yorke87,
  author =       "J. A. Yorke and E. D. Yorke and J. Mallet-Paret",
  title =        "{L}orenz-like chaos in a partial differential equation
                 for a heated fluid loop.",
  journal =      "Physica D",
  volume =       "24",
  pages =        "279",
  year =         "1987",
  keywords =     "chaotic system, chaos, Lorenz, fluid dynamics",
}

@Article{Coven88,
  author =       "E. M. Coven and I. Kan and J. A. Yorke",
  title =        "Pseudo-orbit shadowing in the family of tent maps",
  journal =      "Trans. Am. Math. Soc.",
  volume =       "308",
  pages =        "227--241",
  year =         "1988",
  keywords =     "shadowing, numerical methods, foundations, c+",
}

@Article{Grebogi88a,
  author =       "C. Grebogi and E. Ott and J. A. Yorke",
  title =        "Roundoff induced periodicity and the correlation
                 dimension of chaotic attractors",
  journal =      "Phys. Rev. A",
  volume =       "38",
  pages =        "366",
  year =         "1988",
  keywords =     "chaotic attractor, correlation dimension, roundoff",
}

@Article{Grebogi88b,
  author =       "C. Grebogi and E. Ott and J. A. Yorke",
  title =        "Unstable periodic orbits and the dimension of
                 multifractal chaotic attractors",
  journal =      "Phys. Rev. A",
  volume =       "37",
  pages =        "1711--1724",
  year =         "1988",
  keywords =     "dimension, chaotic attractor, multifractal",
}

@Article{Hammel88,
  author =       "S. M. Hammel and J. A. Yorke and C. Grebogi",
  title =        "Numerical Orbits of Chaotic Processes Represent True
                 Orbits",
  journal =      "Bull. AMS",
  volume =       "19",
  pages =        "465--?",
  year =         "1988",
}

@Article{Kostelich88,
  author =       "E. J. Kostelich and J. A. Yorke",
  title =        "Noise reduction in dynamical systems.",
  journal =      "Phys. Rev. A",
  volume =       "38",
  pages =        "1649--1652",
  year =         "1988",
  keywords =     "noise reduction, data analysis, filtering , (Hao
                 Bai-Lin II)",
}

@Article{Nusse89,
  author =       "H. E. Nusse and J. A. Yorke",
  title =        "A Procedure For Finding Numerical Trajectories On
                 Chaotic Saddles",
  journal =      "Physica D",
  volume =       "36",
  pages =        "137--156",
  year =         "1989",
  keywords =     "trajectory, chaotic set, numerical, PIM, Lyapunov,
                 tori",
}

@Article{Nusse88,
  author =       "H. E. Nusse and J. A. Yorke",
  title =        "Is every approximate trajectory of some process near
                 an exact trajecory of a nearby process?",
  journal =      "Commun. Math. Phys.",
  volume =       "114",
  pages =        "363--379",
  year =         "1988",
}

@Article{Ott89a,
  author =       "E. Ott and C. Grebogi and J. A. Yorke",
  title =        "Theory of First Order Phase Transitions for Chaotic
                 Attractors of Nonlinear Dynamical Systems",
  journal =      "Phys. Lett. A",
  volume =       "135",
  pages =        "343--348",
  year =         "1989",
  keywords =     "attractor, chaos, multifractal",
}

@Article{Ott89b,
  author =       "E. Ott and T. Sauer and J. A. Yorke",
  title =        "{L}yapunov partition functions for the dimensions of
                 chaotic sets",
  journal =      "Phys. Rev. A",
  volume =       "39",
  pages =        "4212",
  year =         "1989",
  keywords =     "Lyapunov, partition, dimension, chaotic set",
}

@Article{Park89,
  author =       "B.-S. Park and C. Grebogi and E. Ott and J. A. Yorke",
  title =        "Scaling of Fractal Basin Boundaries Near Intermittency
                 Transitions to Chaos",
  journal =      "Phys. Rev. A",
  volume =       "40",
  pages =        "1576",
  year =         "1989",
  keywords =     "logistic map, intermittency",
}

@TechReport{Yorke89,
  author =       "J. Yorke",
  title =        "Dynamics: {A} program for {IBM} {PC} clones",
  institution =  "AIP",
  type =         "Dynamics: A program for IBM PC clones",
  address =      "University Maryland",
  year =         "1989",
  keywords =     "computing",
}

@Article{Ding90a,
  author =       "M. Ding and C. Grebogi and E. Ott and J. A. Yorke",
  title =        "Transition to chaotic scattering",
  journal =      "Phys. Rev. A",
  volume =       "42",
  pages =        "7025--7040",
  year =         "1990",
  keywords =     "scattering, chaotic, transition",
}

@Article{Grebogi90,
  author =       "C. Grebogi and S. M. Hammel and J. A. Yorke and T.
                 Sauer",
  title =        "Shadowing of physical trajectories in chaotic
                 dynamics: Containment and refinement",
  journal =      "Phys. Rev. Lett.",
  volume =       "65",
  number =       "13",
  pages =        "1527--1530",
  year =         "1990",
  keywords =     "Shadowing, chaotic, tori",
}

@Article{Kostelich90,
  author =       "Eric J. Kostelich and James A. Yorke",
  title =        "Noise reduction: Finding the simplest dynamical system
                 consistent with data",
  journal =      "Physica D",
  volume =       "41",
  number =       "2",
  pages =        "183--196",
  year =         "1990",
  keywords =     "filtering, noise reduction, data analysis,
                 reconstruction, (c+)",
}

@Article{Ott90,
  author =       "E. Ott and C. Grebogi and J. A. Yorke",
  title =        "Controlling Chaos",
  journal =      "Phys. Rev. Lett.",
  volume =       "64",
  pages =        "1196--1199",
  year =         "1990",
  keywords =     "controlling chaos",
}

@InCollection{Ott90a,
  author =       "E. Ott and C. Grebogi and J. A. Yorke",
  editor =       "D. K. Campbell",
  title =        "Controlling chaotic dynamical systems",
  booktitle =    "Chaos - Soviet-American perspectives on nonlinear
                 science",
  pages =        "153--172",
  publisher =    "AIP",
  address =      "New York",
  year =         "1990",
  keywords =     "controlling chaos",
}

@Article{Sauer91,
  author =       "T. Sauer and J. A. Yorke",
  title =        "Rigorous verification of trajectories for the computer
                 simulation of dynamical systems",
  journal =      "Nonlinearity",
  volume =       "4",
  pages =        "961--979",
  year =         "1991",
  keywords =     "numerical methods, foundations, shadowing, c+",
}

@Article{Sauer91a,
  author =       "T. Sauer and J. A. Yorke and M. Casdagli",
  title =        "Embedology",
  journal =      "J. Stat. Phys.",
  volume =       "65",
  pages =        "579--616",
  year =         "1991",
  keywords =     "embedding, reconstruction, data analysis,
                 (fundamental), (c+)",
}

@Article{You91a,
  author =       "Z. You and E. J. Kostelich and J. A. Yorke",
  title =        "Calculating stable and unstable manifolds",
  journal =      "Int. J. of Bifurcation and Chaos",
  volume =       "1",
  number =       "3",
  pages =        "605--623",
  year =         "1991",
}

@Article{Alexander92,
  author =       "J. C. Alexander and J. C. Alexander and J. A. Yorke
                 and Z. You",
  title =        "Riddled Basins",
  journal =      "Intern. J. Bifurcation and Chaos",
  volume =       "2",
  number =       "4",
  pages =        "795--813",
  year =         "1992",
  keywords =     "iteration, map, symbolic dynamics, basin boundary,
                 basic set, riddled basin, basin of attraction, c+",
}

@Article{Auerbach92,
  author =       "D. Auerbach and C. Grebogi and E. Ott and J. Yorke",
  title =        "Controlling chaos in high dimensional systems",
  journal =      "Phys. Rev. Lett.",
  volume =       "69",
  pages =        "3479--3482",
  year =         "1992",
  keywords =     "controlling chaos, OGY, high-dimensional",
}

@Article{Kaplan94a,
  author =       "J. L. Kaplan and J. Mallet-Paret and J. A. Yorke",
  title =        "The {L}yapunov dimension of a nowhere differentiable
                 attracting torus (to appear)",
  journal =      "Ergodic Theory \& Dynamical Systems",
  year =         "1994",
  keywords =     "Lyapunov dimension, (mathematical)",
}

@Article{Kennedy95,
  author =       "J. A. Kennedy and J. A. Yorke",
  title =        "Bizarre topology is natural in dynamical systems",
  journal =      "Bull. Amer. Math. Soc.",
  volume =       "32",
  number =       "3",
  pages =        "309--316",
  year =         "1995",
  keywords =     "topology, diffeomorphism",
}

@Article{Kostelich96,
  author =       "E. J. Kostelich and J. A. Yorke and Z. You",
  title =        "Plotting stable manifolds: error estimates and
                 noninvertible maps",
  journal =      "Physica D",
  volume =       "93",
  number =       "3-4",
  pages =        "210--222",
  year =         "1996",
  keywords =     "map, stable manifold, computational",
}

@Article{Lai96d,
  author =       "Y.-Ch. Lai and C. Grebogi and J. A. Yorke and S. C.
                 Venkataramani",
  title =        "Riddling bifurcation in chaotic dynamical systems",
  journal =      "Phys. Rev. Lett.",
  volume =       "77",
  number =       "1",
  pages =        "55--58",
  year =         "1996",
  keywords =     "riddled basin, bifurcation, riddling bifurcation",
}

@Article{Nusse95,
  author =       "H. E. Nusse and E. Ott and J. A. Yorke",
  title =        "Saddle-node bifurcations on fractal basin boundaries",
  journal =      "Phys. Rev. Lett.",
  volume =       "75",
  number =       "13",
  pages =        "2482--2485",
  year =         "1995",
  keywords =     "basin boundary, fractal, bifurcation",
}

@Article{Nusse94,
  author =       "H. E. Nusse and E. Ott and J. A. Yorke",
  title =        "Border-collision bifurcations: an explanation for
                 observed bifurcation phenomena",
  journal =      "Phys. Rev. E",
  volume =       "49",
  number =       "2",
  pages =        "1073--1076",
  year =         "1994",
}

@Article{Nusse96,
  author =       "H. E. Nusse and J. A. Yorke",
  title =        "Wada basin boundaries and basin cells",
  journal =      "Physica D",
  volume =       "90",
  number =       "3",
  pages =        "242--261",
  year =         "1996",
  keywords =     "basin of attraction, Wada basin, basin boundary,
                 fractal",
}

@Article{Nusse95a,
  author =       "H. E. Nusse and J. A. Yorke",
  title =        "Border-collision bifurcations for piecewise smooth
                 one-dimensional maps",
  journal =      "Int. J. of Bifurcation and Chaos",
  volume =       "5",
  number =       "1",
  pages =        "189--207",
  year =         "1995",
  keywords =     "border-collision, bifurcation, 1-dimensional map",
}

@Article{Nusse92,
  author =       "H. E. Nusse and J. A. Yorke",
  title =        "Border-collision bifurcations including {"}period two
                 to period three{"} for piecewise smooth systems",
  journal =      "Physica D",
  volume =       "57",
  pages =        "39--57",
  year =         "1992",
  keywords =     "bifurcation, piecewise smooth system,
                 border-collision",
}

@Book{Ott94a,
  author =       "E. (eds.) Ott and T. Sauer and J. A. Yorke",
  editor =       " E. Ott and  T. Sauer and  J. A. Yorke",
  title =        "Coping with chaos; Analysis of chaotic data and the
                 exploitation of chaotic systems",
  publisher =    "Wiley \& Sons Inc.",
  address =      "New Yorke",
  year =         "1994",
  keywords =     "data analysis, (reprint collection), (annotated)",
}

@Book{Ott94c,
  author =       "E. Ott and T. Sauer and J. A. Yorke",
  title =        "Coping with Chaos",
  publisher =    "Wiley",
  address =      "New York",
  year =         "1994",
}

@Article{Sauer93a,
  author =       "T. Sauer and J. A. Yorke",
  title =        "How many delay coordinates do you need?",
  journal =      "Int. J. of Bifurcation and Chaos",
  volume =       "3",
  number =       "3",
  pages =        "737--744",
  year =         "1993",
  keywords =     "embedding, data analysis, time delay, reconstruction",
}

@TechReport{Sauer92b,
  author =       "T. Sauer and J. A. Yorke",
  title =        "Almost every map preserves dimension",
  type =         "preprint",
  year =         "1992",
  keywords =     "dimension, map",
}

@Article{Shinbrot93a,
  author =       "T. Shinbrot and C. Grebogi and E. Ott. J. A. Yorke",
  title =        "Using small perturbations to control chaos",
  journal =      "Nature",
  volume =       "363",
  pages =        "411--417",
  year =         "1993",
  keywords =     "controlling chaos",
}

@Article{Smith92a,
  author =       "P. Smith and J. M. E. Yorke",
  title =        "A dual perturbation series analysis of homoclinic
                 bifurcation for autonomous systems",
  journal =      "ZAMM",
  volume =       "72",
  pages =        "269--275",
  year =         "1992",
  keywords =     "bifurcation, homoclinic",
}

@InCollection{Kaplan79,
  author =       "J. L. Kaplan and J. A. Yorke",
  editor =       " H. O. Walter and H.-O. Peitgen",
  title =        "Chaotic behavior of multidimensional difference
                 equations",
  booktitle =    "Functional Differential Equations and Approximation of
                 Fixed Points (Lecture Notes in Mathematics)",
  volume =       "730",
  pages =        "204--227",
  publisher =    "Springer-Verlag",
  address =      "Berlin",
  year =         "1979",
  keywords =     "chaotic, difference equation, dimension",
}

@Article{Kaplan79a,
  author =       "J. L. Kaplan and J. A. Yorke",
  title =        "Preturbulence: a regime observed in a fluid flow model
                 of {L}orenz",
  journal =      "Commun. Math. Phys.",
  volume =       "67",
  pages =        "93",
  year =         "1979",
  keywords =     "flow, Lorenz, model, fluid dynamics, turbulence",
}

@Article{Kaplan79b,
  author =       "J. L. Kaplan and J. A. Yorke",
  title =        "The onset of chaos in a fluid flow model of {L}orenz",
  journal =      "Ann. N. Y. Acad. Sci.",
  volume =       "316",
  pages =        "400",
  year =         "1979",
  keywords =     "fluid dynamics, chaos, Lorenz, flow, model",
}

@Article{Lasota73,
  author =       "A. Lasota and J. A. Yorke",
  title =        "On the existence of invariant measures for piecewise
                 monotonic transformations",
  journal =      "Trans. Am. Math. Soc.",
  volume =       "183",
  pages =        "481",
  year =         "1973",
  keywords =     "measure, invariant, measure",
}

@Article{Li75,
  author =       "T. Y. Li and J. A. Yorke",
  title =        "Period three implies chaos",
  journal =      "Am. Math. Monthly",
  volume =       "82",
  pages =        "985--992",
  year =         "1975",
  keywords =     "definition of chaos, +Hao-I",
}

@Article{Li78,
  author =       "T. Li and J. Yorke",
  title =        "Ergodic transformations from an interval into itself",
  journal =      "Trans. Am. Math. Soc.",
  volume =       "235",
  pages =        "183--192",
  year =         "1978",
  keywords =     "map, logistic map, ergodic, transformation,
                 (mathematical)",
}

@Article{Piangiani79,
  author =       "G. Piangiani and J. A. Yorke",
  title =        "Expanding maps on sets which are almost invariant:
                 Decay and chaos",
  journal =      "Trans. Am. Math. Soc.",
  volume =       "252",
  pages =        "351--366",
  year =         "1979",
  keywords =     "logistic map, invariant, set, chaos",
}

@Article{Yorke79,
  author =       "J. A. Yorke and E. D. Yorke",
  title =        "Metastable chaos: the transition to sustained chaotic
                 chaotic behavior in the {L}orenz model",
  journal =      "J. Stat. Phys.",
  volume =       "21",
  pages =        "263",
  year =         "1979",
  keywords =     "chaos, chaotic, Lorenz, model, transition",
}
